<?xml version="1.0" encoding="UTF-8"?><S2SCTIcf:SCTIcfBlkCredTrf xmlns:S2SCTIcf="urn:S2SCTIcf:xsd:$SCTIcfBlkCredTrf" xmlns:xsi="http://www.w3.org/2001/XMLSchema-instance" xsi:schemaLocation="urn:S2SCTIcf:xsd:$SCTIcfBlkCredTrf SCTIcfBlkCredTrf.xsd"><S2SCTIcf:SndgInst>BDFEFRP0</S2SCTIcf:SndgInst><S2SCTIcf:RcvgInst>EBAPFRP0XXX</S2SCTIcf:RcvgInst><S2SCTIcf:FileRef>287170316726349I</S2SCTIcf:FileRef><S2SCTIcf:SrvcId>SCT</S2SCTIcf:SrvcId><S2SCTIcf:TstCode>T</S2SCTIcf:TstCode><S2SCTIcf:FType>ICF</S2SCTIcf:FType><S2SCTIcf:FDtTm>2016-10-13T17:03:16</S2SCTIcf:FDtTm><S2SCTIcf:NumCTBlk>13</S2SCTIcf:NumCTBlk><S2SCTIcf:NumPCRBlk>0</S2SCTIcf:NumPCRBlk><S2SCTIcf:NumRFRBlk>0</S2SCTIcf:NumRFRBlk><S2SCTIcf:NumROIBlk>0</S2SCTIcf:NumROIBlk><S2SCTIcf:FIToFICstmrCdtTrf xmlns="urn:iso:std:iso:20022:tech:xsd:pacs.008.001.02"><GrpHdr><MsgId>2016101317031672897518</MsgId><CreDtTm>2016-10-13T17:03:16</CreDtTm><NbOfTxs>3</NbOfTxs><TtlIntrBkSttlmAmt Ccy="EUR">90</TtlIntrBkSttlmAmt><IntrBkSttlmDt>2016-04-04</IntrBkSttlmDt><SttlmInf><SttlmMtd>CLRG</SttlmMtd><ClrSys><Prtry>ST2</Prtry></ClrSys></SttlmInf><InstgAgt><FinInstnId><BIC>BDFEFRP0</BIC></FinInstnId></InstgAgt></GrpHdr>
<CdtTrfTxInf><PmtId><InstrId>Suivi-ST2-SCTBDF-R08-Bulk2-OPE1</InstrId><EndToEndId>Suivi-ST2-SCTBDF-R08-Bulk2-OPE1</EndToEndId><TxId>REMISE-DISPACTHOK-OPE1</TxId></PmtId><PmtTpInf><SvcLvl><Cd>SEPA</Cd></SvcLvl></PmtTpInf><IntrBkSttlmAmt Ccy="EUR">30</IntrBkSttlmAmt><ChrgBr>SLEV</ChrgBr><UltmtDbtr><Nm>ABC Corporation</Nm><Id><OrgId><Othr><Id>12345</Id></Othr></OrgId></Id></UltmtDbtr><Dbtr><Nm>ABC Corporation</Nm><PstlAdr><Ctry>US</Ctry><AdrLine>Time Square Bldg 7</AdrLine><AdrLine>NY 10036 - New York</AdrLine></PstlAdr><Id><OrgId><Othr><Id>12345</Id></Othr></OrgId></Id></Dbtr><DbtrAcct><Id><IBAN>FR0240031000010000004329E34</IBAN></Id></DbtrAcct><DbtrAgt><FinInstnId><BIC>BDFEFRPPXXX</BIC></FinInstnId></DbtrAgt><CdtrAgt><FinInstnId><BIC>BELADEBEXXX</BIC></FinInstnId></CdtrAgt><Cdtr><Nm>GHI Semiconductors</Nm><PstlAdr><Ctry>US</Ctry><AdrLine>415 Avenue Brugmann</AdrLine><AdrLine>1180 Brussels</AdrLine></PstlAdr></Cdtr><CdtrAcct><Id><IBAN>FR7630004001850000101273039</IBAN></Id></CdtrAcct><UltmtCdtr><Nm>GHI Semiconductors</Nm><PstlAdr><Ctry>US</Ctry><AdrLine>415 Avenue Brugmann</AdrLine><AdrLine>1180 Brussels</AdrLine></PstlAdr></UltmtCdtr><Purp><Cd>GDDS</Cd></Purp><RmtInf><Ustrd>Max140Text Une seule occurrence "Unstructured" est autorisee</Ustrd></RmtInf></CdtTrfTxInf>
<CdtTrfTxInf><PmtId><InstrId>Suivi-ST2-SCTBDF-R08-Bulk2-OPE2</InstrId><EndToEndId>Suivi-ST2-SCTBDF-R08-Bulk2-OPE2</EndToEndId><TxId>REMISE-DISPACTHOK-OPE2</TxId></PmtId><PmtTpInf><SvcLvl><Cd>SEPA</Cd></SvcLvl></PmtTpInf><IntrBkSttlmAmt Ccy="EUR">30</IntrBkSttlmAmt><ChrgBr>SLEV</ChrgBr><UltmtDbtr><Nm>ABC Corporation</Nm><Id><OrgId><Othr><Id>12345</Id></Othr></OrgId></Id></UltmtDbtr><Dbtr><Nm>ABC Corporation</Nm><PstlAdr><Ctry>US</Ctry><AdrLine>Time Square Bldg 7</AdrLine><AdrLine>NY 10036 - New York</AdrLine></PstlAdr><Id><OrgId><Othr><Id>12345</Id></Othr></OrgId></Id></Dbtr><DbtrAcct><Id><IBAN>FR0240031000010000004329E34</IBAN></Id></DbtrAcct><DbtrAgt><FinInstnId><BIC>BDFEFRPPXXX</BIC></FinInstnId></DbtrAgt><CdtrAgt><FinInstnId><BIC>BELADEBEXXX</BIC></FinInstnId></CdtrAgt><Cdtr><Nm>GHI Semiconductors</Nm><PstlAdr><Ctry>US</Ctry><AdrLine>415 Avenue Brugmann</AdrLine><AdrLine>1180 Brussels</AdrLine></PstlAdr></Cdtr><CdtrAcct><Id><IBAN>FR7630004001850000101273039</IBAN></Id></CdtrAcct><UltmtCdtr><Nm>GHI Semiconductors</Nm><PstlAdr><Ctry>US</Ctry><AdrLine>415 Avenue Brugmann</AdrLine><AdrLine>1180 Brussels</AdrLine></PstlAdr></UltmtCdtr><Purp><Cd>GDDS</Cd></Purp><RmtInf><Ustrd>Max140Text Une seule occurrence "Unstructured" est autorisee</Ustrd></RmtInf></CdtTrfTxInf>
<CdtTrfTxInf><PmtId><InstrId>Suivi-ST2-SCTBDF-R08-Bulk2-OPE3</InstrId><EndToEndId>Suivi-ST2-SCTBDF-R08-Bulk2-OPE3</EndToEndId><TxId>REMISE-DISPACTHOK-OPE3</TxId></PmtId><PmtTpInf><SvcLvl><Cd>SEPA</Cd></SvcLvl></PmtTpInf><IntrBkSttlmAmt Ccy="EUR">30</IntrBkSttlmAmt><ChrgBr>SLEV</ChrgBr><UltmtDbtr><Nm>ABC Corporation</Nm><Id><OrgId><Othr><Id>12345</Id></Othr></OrgId></Id></UltmtDbtr><Dbtr><Nm>ABC Corporation</Nm><PstlAdr><Ctry>US</Ctry><AdrLine>Time Square Bldg 7</AdrLine><AdrLine>NY 10036 - New York</AdrLine></PstlAdr><Id><OrgId><Othr><Id>12345</Id></Othr></OrgId></Id></Dbtr><DbtrAcct><Id><IBAN>FR0240031000010000004329E34</IBAN></Id></DbtrAcct><DbtrAgt><FinInstnId><BIC>BDFEFRPPXXX</BIC></FinInstnId></DbtrAgt><CdtrAgt><FinInstnId><BIC>BELADEBEXXX</BIC></FinInstnId></CdtrAgt><Cdtr><Nm>GHI Semiconductors</Nm><PstlAdr><Ctry>US</Ctry><AdrLine>415 Avenue Brugmann</AdrLine><AdrLine>1180 Brussels</AdrLine></PstlAdr></Cdtr><CdtrAcct><Id><IBAN>FR7630004001850000101273039</IBAN></Id></CdtrAcct><UltmtCdtr><Nm>GHI Semiconductors</Nm><PstlAdr><Ctry>US</Ctry><AdrLine>415 Avenue Brugmann</AdrLine><AdrLine>1180 Brussels</AdrLine></PstlAdr></UltmtCdtr><Purp><Cd>GDDS</Cd></Purp><RmtInf><Ustrd>Max140Text Une seule occurrence "Unstructured" est autorisee</Ustrd></RmtInf></CdtTrfTxInf>
</S2SCTIcf:FIToFICstmrCdtTrf><S2SCTIcf:FIToFICstmrCdtTrf xmlns="urn:iso:std:iso:20022:tech:xsd:pacs.008.001.02"><GrpHdr><MsgId>2016101317031673058595</MsgId><CreDtTm>2016-10-13T17:03:16</CreDtTm><NbOfTxs>3</NbOfTxs><TtlIntrBkSttlmAmt Ccy="EUR">90</TtlIntrBkSttlmAmt><IntrBkSttlmDt>2016-04-04</IntrBkSttlmDt><SttlmInf><SttlmMtd>CLRG</SttlmMtd><ClrSys><Prtry>ST2</Prtry></ClrSys></SttlmInf><InstgAgt><FinInstnId><BIC>BDFEFRP0</BIC></FinInstnId></InstgAgt></GrpHdr>
<CdtTrfTxInf><PmtId><InstrId>Suivi-ST2-SCTBDF-R08-Bulk1-OPE1</InstrId><EndToEndId>Suivi-ST2-SCTBDF-R08-Bulk1-OPE1</EndToEndId><TxId>REMISE-DISPACTHOK-OPE1</TxId></PmtId><PmtTpInf><SvcLvl><Cd>SEPA</Cd></SvcLvl></PmtTpInf><IntrBkSttlmAmt Ccy="EUR">30</IntrBkSttlmAmt><ChrgBr>SLEV</ChrgBr><UltmtDbtr><Nm>ABC Corporation</Nm><Id><OrgId><Othr><Id>12345</Id></Othr></OrgId></Id></UltmtDbtr><Dbtr><Nm>ABC Corporation</Nm><PstlAdr><Ctry>US</Ctry><AdrLine>Time Square Bldg 7</AdrLine><AdrLine>NY 10036 - New York</AdrLine></PstlAdr><Id><OrgId><Othr><Id>12345</Id></Othr></OrgId></Id></Dbtr><DbtrAcct><Id><IBAN>FR0240031000010000004329E34</IBAN></Id></DbtrAcct><DbtrAgt><FinInstnId><BIC>BDFEFRPPXXX</BIC></FinInstnId></DbtrAgt><CdtrAgt><FinInstnId><BIC>BELADEBEXXX</BIC></FinInstnId></CdtrAgt><Cdtr><Nm>GHI Semiconductors</Nm><PstlAdr><Ctry>US</Ctry><AdrLine>415 Avenue Brugmann</AdrLine><AdrLine>1180 Brussels</AdrLine></PstlAdr></Cdtr><CdtrAcct><Id><IBAN>FR7630004001850000101273039</IBAN></Id></CdtrAcct><UltmtCdtr><Nm>GHI Semiconductors</Nm><PstlAdr><Ctry>US</Ctry><AdrLine>415 Avenue Brugmann</AdrLine><AdrLine>1180 Brussels</AdrLine></PstlAdr></UltmtCdtr><Purp><Cd>GDDS</Cd></Purp><RmtInf><Ustrd>Max140Text Une seule occurrence "Unstructured" est autorisee</Ustrd></RmtInf></CdtTrfTxInf>
<CdtTrfTxInf><PmtId><InstrId>Suivi-ST2-SCTBDF-R08-Bulk1-OPE2</InstrId><EndToEndId>Suivi-ST2-SCTBDF-R08-Bulk1-OPE2</EndToEndId><TxId>REMISE-DISPACTHOK-OPE2</TxId></PmtId><PmtTpInf><SvcLvl><Cd>SEPA</Cd></SvcLvl></PmtTpInf><IntrBkSttlmAmt Ccy="EUR">30</IntrBkSttlmAmt><ChrgBr>SLEV</ChrgBr><UltmtDbtr><Nm>ABC Corporation</Nm><Id><OrgId><Othr><Id>12345</Id></Othr></OrgId></Id></UltmtDbtr><Dbtr><Nm>ABC Corporation</Nm><PstlAdr><Ctry>US</Ctry><AdrLine>Time Square Bldg 7</AdrLine><AdrLine>NY 10036 - New York</AdrLine></PstlAdr><Id><OrgId><Othr><Id>12345</Id></Othr></OrgId></Id></Dbtr><DbtrAcct><Id><IBAN>FR0240031000010000004329E34</IBAN></Id></DbtrAcct><DbtrAgt><FinInstnId><BIC>BDFEFRPPXXX</BIC></FinInstnId></DbtrAgt><CdtrAgt><FinInstnId><BIC>BELADEBEXXX</BIC></FinInstnId></CdtrAgt><Cdtr><Nm>GHI Semiconductors</Nm><PstlAdr><Ctry>US</Ctry><AdrLine>415 Avenue Brugmann</AdrLine><AdrLine>1180 Brussels</AdrLine></PstlAdr></Cdtr><CdtrAcct><Id><IBAN>FR7630004001850000101273039</IBAN></Id></CdtrAcct><UltmtCdtr><Nm>GHI Semiconductors</Nm><PstlAdr><Ctry>US</Ctry><AdrLine>415 Avenue Brugmann</AdrLine><AdrLine>1180 Brussels</AdrLine></PstlAdr></UltmtCdtr><Purp><Cd>GDDS</Cd></Purp><RmtInf><Ustrd>Max140Text Une seule occurrence "Unstructured" est autorisee</Ustrd></RmtInf></CdtTrfTxInf>
<CdtTrfTxInf><PmtId><InstrId>Suivi-ST2-SCTBDF-R08-Bulk1-OPE3</InstrId><EndToEndId>Suivi-ST2-SCTBDF-R08-Bulk1-OPE3</EndToEndId><TxId>REMISE-DISPACTHOK-OPE3</TxId></PmtId><PmtTpInf><SvcLvl><Cd>SEPA</Cd></SvcLvl></PmtTpInf><IntrBkSttlmAmt Ccy="EUR">30</IntrBkSttlmAmt><ChrgBr>SLEV</ChrgBr><UltmtDbtr><Nm>ABC Corporation</Nm><Id><OrgId><Othr><Id>12345</Id></Othr></OrgId></Id></UltmtDbtr><Dbtr><Nm>ABC Corporation</Nm><PstlAdr><Ctry>US</Ctry><AdrLine>Time Square Bldg 7</AdrLine><AdrLine>NY 10036 - New York</AdrLine></PstlAdr><Id><OrgId><Othr><Id>12345</Id></Othr></OrgId></Id></Dbtr><DbtrAcct><Id><IBAN>FR0240031000010000004329E34</IBAN></Id></DbtrAcct><DbtrAgt><FinInstnId><BIC>BDFEFRPPXXX</BIC></FinInstnId></DbtrAgt><CdtrAgt><FinInstnId><BIC>BELADEBEXXX</BIC></FinInstnId></CdtrAgt><Cdtr><Nm>GHI Semiconductors</Nm><PstlAdr><Ctry>US</Ctry><AdrLine>415 Avenue Brugmann</AdrLine><AdrLine>1180 Brussels</AdrLine></PstlAdr></Cdtr><CdtrAcct><Id><IBAN>FR7630004001850000101273039</IBAN></Id></CdtrAcct><UltmtCdtr><Nm>GHI Semiconductors</Nm><PstlAdr><Ctry>US</Ctry><AdrLine>415 Avenue Brugmann</AdrLine><AdrLine>1180 Brussels</AdrLine></PstlAdr></UltmtCdtr><Purp><Cd>GDDS</Cd></Purp><RmtInf><Ustrd>Max140Text Une seule occurrence "Unstructured" est autorisee</Ustrd></RmtInf></CdtTrfTxInf>
</S2SCTIcf:FIToFICstmrCdtTrf><S2SCTIcf:FIToFICstmrCdtTrf xmlns="urn:iso:std:iso:20022:tech:xsd:pacs.008.001.02"><GrpHdr><MsgId>2016101317031673113518</MsgId><CreDtTm>2016-10-13T17:03:16</CreDtTm><NbOfTxs>3</NbOfTxs><TtlIntrBkSttlmAmt Ccy="EUR">90</TtlIntrBkSttlmAmt><IntrBkSttlmDt>2016-04-04</IntrBkSttlmDt><SttlmInf><SttlmMtd>CLRG</SttlmMtd><ClrSys><Prtry>ST2</Prtry></ClrSys></SttlmInf><InstgAgt><FinInstnId><BIC>BDFEFRP0</BIC></FinInstnId></InstgAgt></GrpHdr>
<CdtTrfTxInf><PmtId><InstrId>Suivi-ST2-SCTBDF-R08-Bulk4-OPE1</InstrId><EndToEndId>Suivi-ST2-SCTBDF-R08-Bulk4-OPE1</EndToEndId><TxId>REMISE-DISPACTHOK-OPE1</TxId></PmtId><PmtTpInf><SvcLvl><Cd>SEPA</Cd></SvcLvl></PmtTpInf><IntrBkSttlmAmt Ccy="EUR">30</IntrBkSttlmAmt><ChrgBr>SLEV</ChrgBr><UltmtDbtr><Nm>ABC Corporation</Nm><Id><OrgId><Othr><Id>12345</Id></Othr></OrgId></Id></UltmtDbtr><Dbtr><Nm>ABC Corporation</Nm><PstlAdr><Ctry>US</Ctry><AdrLine>Time Square Bldg 7</AdrLine><AdrLine>NY 10036 - New York</AdrLine></PstlAdr><Id><OrgId><Othr><Id>12345</Id></Othr></OrgId></Id></Dbtr><DbtrAcct><Id><IBAN>FR0240031000010000004329E34</IBAN></Id></DbtrAcct><DbtrAgt><FinInstnId><BIC>BDFEFRPPXXX</BIC></FinInstnId></DbtrAgt><CdtrAgt><FinInstnId><BIC>BELADEBEXXX</BIC></FinInstnId></CdtrAgt><Cdtr><Nm>GHI Semiconductors</Nm><PstlAdr><Ctry>US</Ctry><AdrLine>415 Avenue Brugmann</AdrLine><AdrLine>1180 Brussels</AdrLine></PstlAdr></Cdtr><CdtrAcct><Id><IBAN>FR7630004001850000101273039</IBAN></Id></CdtrAcct><UltmtCdtr><Nm>GHI Semiconductors</Nm><PstlAdr><Ctry>US</Ctry><AdrLine>415 Avenue Brugmann</AdrLine><AdrLine>1180 Brussels</AdrLine></PstlAdr></UltmtCdtr><Purp><Cd>GDDS</Cd></Purp><RmtInf><Ustrd>Max140Text Une seule occurrence "Unstructured" est autorisee</Ustrd></RmtInf></CdtTrfTxInf>
<CdtTrfTxInf><PmtId><InstrId>Suivi-ST2-SCTBDF-R08-Bulk4-OPE2</InstrId><EndToEndId>Suivi-ST2-SCTBDF-R08-Bulk4-OPE2</EndToEndId><TxId>REMISE-DISPACTHOK-OPE2</TxId></PmtId><PmtTpInf><SvcLvl><Cd>SEPA</Cd></SvcLvl></PmtTpInf><IntrBkSttlmAmt Ccy="EUR">30</IntrBkSttlmAmt><ChrgBr>SLEV</ChrgBr><UltmtDbtr><Nm>ABC Corporation</Nm><Id><OrgId><Othr><Id>12345</Id></Othr></OrgId></Id></UltmtDbtr><Dbtr><Nm>ABC Corporation</Nm><PstlAdr><Ctry>US</Ctry><AdrLine>Time Square Bldg 7</AdrLine><AdrLine>NY 10036 - New York</AdrLine></PstlAdr><Id><OrgId><Othr><Id>12345</Id></Othr></OrgId></Id></Dbtr><DbtrAcct><Id><IBAN>FR0240031000010000004329E34</IBAN></Id></DbtrAcct><DbtrAgt><FinInstnId><BIC>BDFEFRPPXXX</BIC></FinInstnId></DbtrAgt><CdtrAgt><FinInstnId><BIC>BELADEBEXXX</BIC></FinInstnId></CdtrAgt><Cdtr><Nm>GHI Semiconductors</Nm><PstlAdr><Ctry>US</Ctry><AdrLine>415 Avenue Brugmann</AdrLine><AdrLine>1180 Brussels</AdrLine></PstlAdr></Cdtr><CdtrAcct><Id><IBAN>FR7630004001850000101273039</IBAN></Id></CdtrAcct><UltmtCdtr><Nm>GHI Semiconductors</Nm><PstlAdr><Ctry>US</Ctry><AdrLine>415 Avenue Brugmann</AdrLine><AdrLine>1180 Brussels</AdrLine></PstlAdr></UltmtCdtr><Purp><Cd>GDDS</Cd></Purp><RmtInf><Ustrd>Max140Text Une seule occurrence "Unstructured" est autorisee</Ustrd></RmtInf></CdtTrfTxInf>
<CdtTrfTxInf><PmtId><InstrId>Suivi-ST2-SCTBDF-R08-Bulk4-OPE3</InstrId><EndToEndId>Suivi-ST2-SCTBDF-R08-Bulk4-OPE3</EndToEndId><TxId>REMISE-DISPACTHOK-OPE3</TxId></PmtId><PmtTpInf><SvcLvl><Cd>SEPA</Cd></SvcLvl></PmtTpInf><IntrBkSttlmAmt Ccy="EUR">30</IntrBkSttlmAmt><ChrgBr>SLEV</ChrgBr><UltmtDbtr><Nm>ABC Corporation</Nm><Id><OrgId><Othr><Id>12345</Id></Othr></OrgId></Id></UltmtDbtr><Dbtr><Nm>ABC Corporation</Nm><PstlAdr><Ctry>US</Ctry><AdrLine>Time Square Bldg 7</AdrLine><AdrLine>NY 10036 - New York</AdrLine></PstlAdr><Id><OrgId><Othr><Id>12345</Id></Othr></OrgId></Id></Dbtr><DbtrAcct><Id><IBAN>FR0240031000010000004329E34</IBAN></Id></DbtrAcct><DbtrAgt><FinInstnId><BIC>BDFEFRPPXXX</BIC></FinInstnId></DbtrAgt><CdtrAgt><FinInstnId><BIC>BELADEBEXXX</BIC></FinInstnId></CdtrAgt><Cdtr><Nm>GHI Semiconductors</Nm><PstlAdr><Ctry>US</Ctry><AdrLine>415 Avenue Brugmann</AdrLine><AdrLine>1180 Brussels</AdrLine></PstlAdr></Cdtr><CdtrAcct><Id><IBAN>FR7630004001850000101273039</IBAN></Id></CdtrAcct><UltmtCdtr><Nm>GHI Semiconductors</Nm><PstlAdr><Ctry>US</Ctry><AdrLine>415 Avenue Brugmann</AdrLine><AdrLine>1180 Brussels</AdrLine></PstlAdr></UltmtCdtr><Purp><Cd>GDDS</Cd></Purp><RmtInf><Ustrd>Max140Text Une seule occurrence "Unstructured" est autorisee</Ustrd></RmtInf></CdtTrfTxInf>
</S2SCTIcf:FIToFICstmrCdtTrf><S2SCTIcf:FIToFICstmrCdtTrf xmlns="urn:iso:std:iso:20022:tech:xsd:pacs.008.001.02"><GrpHdr><MsgId>2016101317031673224292</MsgId><CreDtTm>2016-10-13T17:03:16</CreDtTm><NbOfTxs>3</NbOfTxs><TtlIntrBkSttlmAmt Ccy="EUR">90</TtlIntrBkSttlmAmt><IntrBkSttlmDt>2016-04-04</IntrBkSttlmDt><SttlmInf><SttlmMtd>CLRG</SttlmMtd><ClrSys><Prtry>ST2</Prtry></ClrSys></SttlmInf><InstgAgt><FinInstnId><BIC>BDFEFRP0</BIC></FinInstnId></InstgAgt></GrpHdr>
<CdtTrfTxInf><PmtId><InstrId>Suivi-ST2-SCTBDF-R08-Bulk3-OPE1</InstrId><EndToEndId>Suivi-ST2-SCTBDF-R08-Bulk3-OPE1</EndToEndId><TxId>REMISE-DISPACTHOK-OPE1</TxId></PmtId><PmtTpInf><SvcLvl><Cd>SEPA</Cd></SvcLvl></PmtTpInf><IntrBkSttlmAmt Ccy="EUR">30</IntrBkSttlmAmt><ChrgBr>SLEV</ChrgBr><UltmtDbtr><Nm>ABC Corporation</Nm><Id><OrgId><Othr><Id>12345</Id></Othr></OrgId></Id></UltmtDbtr><Dbtr><Nm>ABC Corporation</Nm><PstlAdr><Ctry>US</Ctry><AdrLine>Time Square Bldg 7</AdrLine><AdrLine>NY 10036 - New York</AdrLine></PstlAdr><Id><OrgId><Othr><Id>12345</Id></Othr></OrgId></Id></Dbtr><DbtrAcct><Id><IBAN>FR0240031000010000004329E34</IBAN></Id></DbtrAcct><DbtrAgt><FinInstnId><BIC>BDFEFRPPXXX</BIC></FinInstnId></DbtrAgt><CdtrAgt><FinInstnId><BIC>BELADEBEXXX</BIC></FinInstnId></CdtrAgt><Cdtr><Nm>GHI Semiconductors</Nm><PstlAdr><Ctry>US</Ctry><AdrLine>415 Avenue Brugmann</AdrLine><AdrLine>1180 Brussels</AdrLine></PstlAdr></Cdtr><CdtrAcct><Id><IBAN>FR7630004001850000101273039</IBAN></Id></CdtrAcct><UltmtCdtr><Nm>GHI Semiconductors</Nm><PstlAdr><Ctry>US</Ctry><AdrLine>415 Avenue Brugmann</AdrLine><AdrLine>1180 Brussels</AdrLine></PstlAdr></UltmtCdtr><Purp><Cd>GDDS</Cd></Purp><RmtInf><Ustrd>Max140Text Une seule occurrence "Unstructured" est autorisee</Ustrd></RmtInf></CdtTrfTxInf>
<CdtTrfTxInf><PmtId><InstrId>Suivi-ST2-SCTBDF-R08-Bulk3-OPE2</InstrId><EndToEndId>Suivi-ST2-SCTBDF-R08-Bulk3-OPE2</EndToEndId><TxId>REMISE-DISPACTHOK-OPE2</TxId></PmtId><PmtTpInf><SvcLvl><Cd>SEPA</Cd></SvcLvl></PmtTpInf><IntrBkSttlmAmt Ccy="EUR">30</IntrBkSttlmAmt><ChrgBr>SLEV</ChrgBr><UltmtDbtr><Nm>ABC Corporation</Nm><Id><OrgId><Othr><Id>12345</Id></Othr></OrgId></Id></UltmtDbtr><Dbtr><Nm>ABC Corporation</Nm><PstlAdr><Ctry>US</Ctry><AdrLine>Time Square Bldg 7</AdrLine><AdrLine>NY 10036 - New York</AdrLine></PstlAdr><Id><OrgId><Othr><Id>12345</Id></Othr></OrgId></Id></Dbtr><DbtrAcct><Id><IBAN>FR0240031000010000004329E34</IBAN></Id></DbtrAcct><DbtrAgt><FinInstnId><BIC>BDFEFRPPXXX</BIC></FinInstnId></DbtrAgt><CdtrAgt><FinInstnId><BIC>BELADEBEXXX</BIC></FinInstnId></CdtrAgt><Cdtr><Nm>GHI Semiconductors</Nm><PstlAdr><Ctry>US</Ctry><AdrLine>415 Avenue Brugmann</AdrLine><AdrLine>1180 Brussels</AdrLine></PstlAdr></Cdtr><CdtrAcct><Id><IBAN>FR7630004001850000101273039</IBAN></Id></CdtrAcct><UltmtCdtr><Nm>GHI Semiconductors</Nm><PstlAdr><Ctry>US</Ctry><AdrLine>415 Avenue Brugmann</AdrLine><AdrLine>1180 Brussels</AdrLine></PstlAdr></UltmtCdtr><Purp><Cd>GDDS</Cd></Purp><RmtInf><Ustrd>Max140Text Une seule occurrence "Unstructured" est autorisee</Ustrd></RmtInf></CdtTrfTxInf>
<CdtTrfTxInf><PmtId><InstrId>Suivi-ST2-SCTBDF-R08-Bulk3-OPE3</InstrId><EndToEndId>Suivi-ST2-SCTBDF-R08-Bulk3-OPE3</EndToEndId><TxId>REMISE-DISPACTHOK-OPE3</TxId></PmtId><PmtTpInf><SvcLvl><Cd>SEPA</Cd></SvcLvl></PmtTpInf><IntrBkSttlmAmt Ccy="EUR">30</IntrBkSttlmAmt><ChrgBr>SLEV</ChrgBr><UltmtDbtr><Nm>ABC Corporation</Nm><Id><OrgId><Othr><Id>12345</Id></Othr></OrgId></Id></UltmtDbtr><Dbtr><Nm>ABC Corporation</Nm><PstlAdr><Ctry>US</Ctry><AdrLine>Time Square Bldg 7</AdrLine><AdrLine>NY 10036 - New York</AdrLine></PstlAdr><Id><OrgId><Othr><Id>12345</Id></Othr></OrgId></Id></Dbtr><DbtrAcct><Id><IBAN>FR0240031000010000004329E34</IBAN></Id></DbtrAcct><DbtrAgt><FinInstnId><BIC>BDFEFRPPXXX</BIC></FinInstnId></DbtrAgt><CdtrAgt><FinInstnId><BIC>BELADEBEXXX</BIC></FinInstnId></CdtrAgt><Cdtr><Nm>GHI Semiconductors</Nm><PstlAdr><Ctry>US</Ctry><AdrLine>415 Avenue Brugmann</AdrLine><AdrLine>1180 Brussels</AdrLine></PstlAdr></Cdtr><CdtrAcct><Id><IBAN>FR7630004001850000101273039</IBAN></Id></CdtrAcct><UltmtCdtr><Nm>GHI Semiconductors</Nm><PstlAdr><Ctry>US</Ctry><AdrLine>415 Avenue Brugmann</AdrLine><AdrLine>1180 Brussels</AdrLine></PstlAdr></UltmtCdtr><Purp><Cd>GDDS</Cd></Purp><RmtInf><Ustrd>Max140Text Une seule occurrence "Unstructured" est autorisee</Ustrd></RmtInf></CdtTrfTxInf>
</S2SCTIcf:FIToFICstmrCdtTrf><S2SCTIcf:FIToFICstmrCdtTrf xmlns="urn:iso:std:iso:20022:tech:xsd:pacs.008.001.02"><GrpHdr><MsgId>201610131703167341136</MsgId><CreDtTm>2016-10-13T17:03:16</CreDtTm><NbOfTxs>3</NbOfTxs><TtlIntrBkSttlmAmt Ccy="EUR">90</TtlIntrBkSttlmAmt><IntrBkSttlmDt>2016-04-04</IntrBkSttlmDt><SttlmInf><SttlmMtd>CLRG</SttlmMtd><ClrSys><Prtry>ST2</Prtry></ClrSys></SttlmInf><InstgAgt><FinInstnId><BIC>BDFEFRP0</BIC></FinInstnId></InstgAgt></GrpHdr>
<CdtTrfTxInf><PmtId><InstrId>Suivi-ST2-SCTBDF-R08-Bulk6-OPE1</InstrId><EndToEndId>Suivi-ST2-SCTBDF-R08-Bulk6-OPE1</EndToEndId><TxId>REMISE-DISPACTHOK-OPE1</TxId></PmtId><PmtTpInf><SvcLvl><Cd>SEPA</Cd></SvcLvl></PmtTpInf><IntrBkSttlmAmt Ccy="EUR">30</IntrBkSttlmAmt><ChrgBr>SLEV</ChrgBr><UltmtDbtr><Nm>ABC Corporation</Nm><Id><OrgId><Othr><Id>12345</Id></Othr></OrgId></Id></UltmtDbtr><Dbtr><Nm>ABC Corporation</Nm><PstlAdr><Ctry>US</Ctry><AdrLine>Time Square Bldg 7</AdrLine><AdrLine>NY 10036 - New York</AdrLine></PstlAdr><Id><OrgId><Othr><Id>12345</Id></Othr></OrgId></Id></Dbtr><DbtrAcct><Id><IBAN>FR0240031000010000004329E34</IBAN></Id></DbtrAcct><DbtrAgt><FinInstnId><BIC>BDFEFRPPXXX</BIC></FinInstnId></DbtrAgt><CdtrAgt><FinInstnId><BIC>BELADEBEXXX</BIC></FinInstnId></CdtrAgt><Cdtr><Nm>GHI Semiconductors</Nm><PstlAdr><Ctry>US</Ctry><AdrLine>415 Avenue Brugmann</AdrLine><AdrLine>1180 Brussels</AdrLine></PstlAdr></Cdtr><CdtrAcct><Id><IBAN>FR7630004001850000101273039</IBAN></Id></CdtrAcct><UltmtCdtr><Nm>GHI Semiconductors</Nm><PstlAdr><Ctry>US</Ctry><AdrLine>415 Avenue Brugmann</AdrLine><AdrLine>1180 Brussels</AdrLine></PstlAdr></UltmtCdtr><Purp><Cd>GDDS</Cd></Purp><RmtInf><Ustrd>Max140Text Une seule occurrence "Unstructured" est autorisee</Ustrd></RmtInf></CdtTrfTxInf>
<CdtTrfTxInf><PmtId><InstrId>Suivi-ST2-SCTBDF-R08-Bulk6-OPE2</InstrId><EndToEndId>Suivi-ST2-SCTBDF-R08-Bulk6-OPE2</EndToEndId><TxId>REMISE-DISPACTHOK-OPE2</TxId></PmtId><PmtTpInf><SvcLvl><Cd>SEPA</Cd></SvcLvl></PmtTpInf><IntrBkSttlmAmt Ccy="EUR">30</IntrBkSttlmAmt><ChrgBr>SLEV</ChrgBr><UltmtDbtr><Nm>ABC Corporation</Nm><Id><OrgId><Othr><Id>12345</Id></Othr></OrgId></Id></UltmtDbtr><Dbtr><Nm>ABC Corporation</Nm><PstlAdr><Ctry>US</Ctry><AdrLine>Time Square Bldg 7</AdrLine><AdrLine>NY 10036 - New York</AdrLine></PstlAdr><Id><OrgId><Othr><Id>12345</Id></Othr></OrgId></Id></Dbtr><DbtrAcct><Id><IBAN>FR0240031000010000004329E34</IBAN></Id></DbtrAcct><DbtrAgt><FinInstnId><BIC>BDFEFRPPXXX</BIC></FinInstnId></DbtrAgt><CdtrAgt><FinInstnId><BIC>BELADEBEXXX</BIC></FinInstnId></CdtrAgt><Cdtr><Nm>GHI Semiconductors</Nm><PstlAdr><Ctry>US</Ctry><AdrLine>415 Avenue Brugmann</AdrLine><AdrLine>1180 Brussels</AdrLine></PstlAdr></Cdtr><CdtrAcct><Id><IBAN>FR7630004001850000101273039</IBAN></Id></CdtrAcct><UltmtCdtr><Nm>GHI Semiconductors</Nm><PstlAdr><Ctry>US</Ctry><AdrLine>415 Avenue Brugmann</AdrLine><AdrLine>1180 Brussels</AdrLine></PstlAdr></UltmtCdtr><Purp><Cd>GDDS</Cd></Purp><RmtInf><Ustrd>Max140Text Une seule occurrence "Unstructured" est autorisee</Ustrd></RmtInf></CdtTrfTxInf>
<CdtTrfTxInf><PmtId><InstrId>Suivi-ST2-SCTBDF-R08-Bulk6-OPE3</InstrId><EndToEndId>Suivi-ST2-SCTBDF-R08-Bulk6-OPE3</EndToEndId><TxId>REMISE-DISPACTHOK-OPE3</TxId></PmtId><PmtTpInf><SvcLvl><Cd>SEPA</Cd></SvcLvl></PmtTpInf><IntrBkSttlmAmt Ccy="EUR">30</IntrBkSttlmAmt><ChrgBr>SLEV</ChrgBr><UltmtDbtr><Nm>ABC Corporation</Nm><Id><OrgId><Othr><Id>12345</Id></Othr></OrgId></Id></UltmtDbtr><Dbtr><Nm>ABC Corporation</Nm><PstlAdr><Ctry>US</Ctry><AdrLine>Time Square Bldg 7</AdrLine><AdrLine>NY 10036 - New York</AdrLine></PstlAdr><Id><OrgId><Othr><Id>12345</Id></Othr></OrgId></Id></Dbtr><DbtrAcct><Id><IBAN>FR0240031000010000004329E34</IBAN></Id></DbtrAcct><DbtrAgt><FinInstnId><BIC>BDFEFRPPXXX</BIC></FinInstnId></DbtrAgt><CdtrAgt><FinInstnId><BIC>BELADEBEXXX</BIC></FinInstnId></CdtrAgt><Cdtr><Nm>GHI Semiconductors</Nm><PstlAdr><Ctry>US</Ctry><AdrLine>415 Avenue Brugmann</AdrLine><AdrLine>1180 Brussels</AdrLine></PstlAdr></Cdtr><CdtrAcct><Id><IBAN>FR7630004001850000101273039</IBAN></Id></CdtrAcct><UltmtCdtr><Nm>GHI Semiconductors</Nm><PstlAdr><Ctry>US</Ctry><AdrLine>415 Avenue Brugmann</AdrLine><AdrLine>1180 Brussels</AdrLine></PstlAdr></UltmtCdtr><Purp><Cd>GDDS</Cd></Purp><RmtInf><Ustrd>Max140Text Une seule occurrence "Unstructured" est autorisee</Ustrd></RmtInf></CdtTrfTxInf>
</S2SCTIcf:FIToFICstmrCdtTrf><S2SCTIcf:FIToFICstmrCdtTrf xmlns="urn:iso:std:iso:20022:tech:xsd:pacs.008.001.02"><GrpHdr><MsgId>2016101317031673590062</MsgId><CreDtTm>2016-10-13T17:03:16</CreDtTm><NbOfTxs>3</NbOfTxs><TtlIntrBkSttlmAmt Ccy="EUR">90</TtlIntrBkSttlmAmt><IntrBkSttlmDt>2016-04-04</IntrBkSttlmDt><SttlmInf><SttlmMtd>CLRG</SttlmMtd><ClrSys><Prtry>ST2</Prtry></ClrSys></SttlmInf><InstgAgt><FinInstnId><BIC>BDFEFRP0</BIC></FinInstnId></InstgAgt></GrpHdr>
<CdtTrfTxInf><PmtId><InstrId>Suivi-ST2-SCTBDF-R08-Bulk5-OPE1</InstrId><EndToEndId>Suivi-ST2-SCTBDF-R08-Bulk5-OPE1</EndToEndId><TxId>REMISE-DISPACTHOK-OPE1</TxId></PmtId><PmtTpInf><SvcLvl><Cd>SEPA</Cd></SvcLvl></PmtTpInf><IntrBkSttlmAmt Ccy="EUR">30</IntrBkSttlmAmt><ChrgBr>SLEV</ChrgBr><UltmtDbtr><Nm>ABC Corporation</Nm><Id><OrgId><Othr><Id>12345</Id></Othr></OrgId></Id></UltmtDbtr><Dbtr><Nm>ABC Corporation</Nm><PstlAdr><Ctry>US</Ctry><AdrLine>Time Square Bldg 7</AdrLine><AdrLine>NY 10036 - New York</AdrLine></PstlAdr><Id><OrgId><Othr><Id>12345</Id></Othr></OrgId></Id></Dbtr><DbtrAcct><Id><IBAN>FR0240031000010000004329E34</IBAN></Id></DbtrAcct><DbtrAgt><FinInstnId><BIC>BDFEFRPPXXX</BIC></FinInstnId></DbtrAgt><CdtrAgt><FinInstnId><BIC>BELADEBEXXX</BIC></FinInstnId></CdtrAgt><Cdtr><Nm>GHI Semiconductors</Nm><PstlAdr><Ctry>US</Ctry><AdrLine>415 Avenue Brugmann</AdrLine><AdrLine>1180 Brussels</AdrLine></PstlAdr></Cdtr><CdtrAcct><Id><IBAN>FR7630004001850000101273039</IBAN></Id></CdtrAcct><UltmtCdtr><Nm>GHI Semiconductors</Nm><PstlAdr><Ctry>US</Ctry><AdrLine>415 Avenue Brugmann</AdrLine><AdrLine>1180 Brussels</AdrLine></PstlAdr></UltmtCdtr><Purp><Cd>GDDS</Cd></Purp><RmtInf><Ustrd>Max140Text Une seule occurrence "Unstructured" est autorisee</Ustrd></RmtInf></CdtTrfTxInf>
<CdtTrfTxInf><PmtId><InstrId>Suivi-ST2-SCTBDF-R08-Bulk5-OPE2</InstrId><EndToEndId>Suivi-ST2-SCTBDF-R08-Bulk5-OPE2</EndToEndId><TxId>REMISE-DISPACTHOK-OPE2</TxId></PmtId><PmtTpInf><SvcLvl><Cd>SEPA</Cd></SvcLvl></PmtTpInf><IntrBkSttlmAmt Ccy="EUR">30</IntrBkSttlmAmt><ChrgBr>SLEV</ChrgBr><UltmtDbtr><Nm>ABC Corporation</Nm><Id><OrgId><Othr><Id>12345</Id></Othr></OrgId></Id></UltmtDbtr><Dbtr><Nm>ABC Corporation</Nm><PstlAdr><Ctry>US</Ctry><AdrLine>Time Square Bldg 7</AdrLine><AdrLine>NY 10036 - New York</AdrLine></PstlAdr><Id><OrgId><Othr><Id>12345</Id></Othr></OrgId></Id></Dbtr><DbtrAcct><Id><IBAN>FR0240031000010000004329E34</IBAN></Id></DbtrAcct><DbtrAgt><FinInstnId><BIC>BDFEFRPPXXX</BIC></FinInstnId></DbtrAgt><CdtrAgt><FinInstnId><BIC>BELADEBEXXX</BIC></FinInstnId></CdtrAgt><Cdtr><Nm>GHI Semiconductors</Nm><PstlAdr><Ctry>US</Ctry><AdrLine>415 Avenue Brugmann</AdrLine><AdrLine>1180 Brussels</AdrLine></PstlAdr></Cdtr><CdtrAcct><Id><IBAN>FR7630004001850000101273039</IBAN></Id></CdtrAcct><UltmtCdtr><Nm>GHI Semiconductors</Nm><PstlAdr><Ctry>US</Ctry><AdrLine>415 Avenue Brugmann</AdrLine><AdrLine>1180 Brussels</AdrLine></PstlAdr></UltmtCdtr><Purp><Cd>GDDS</Cd></Purp><RmtInf><Ustrd>Max140Text Une seule occurrence "Unstructured" est autorisee</Ustrd></RmtInf></CdtTrfTxInf>
<CdtTrfTxInf><PmtId><InstrId>Suivi-ST2-SCTBDF-R08-Bulk5-OPE3</InstrId><EndToEndId>Suivi-ST2-SCTBDF-R08-Bulk5-OPE3</EndToEndId><TxId>REMISE-DISPACTHOK-OPE3</TxId></PmtId><PmtTpInf><SvcLvl><Cd>SEPA</Cd></SvcLvl></PmtTpInf><IntrBkSttlmAmt Ccy="EUR">30</IntrBkSttlmAmt><ChrgBr>SLEV</ChrgBr><UltmtDbtr><Nm>ABC Corporation</Nm><Id><OrgId><Othr><Id>12345</Id></Othr></OrgId></Id></UltmtDbtr><Dbtr><Nm>ABC Corporation</Nm><PstlAdr><Ctry>US</Ctry><AdrLine>Time Square Bldg 7</AdrLine><AdrLine>NY 10036 - New York</AdrLine></PstlAdr><Id><OrgId><Othr><Id>12345</Id></Othr></OrgId></Id></Dbtr><DbtrAcct><Id><IBAN>FR0240031000010000004329E34</IBAN></Id></DbtrAcct><DbtrAgt><FinInstnId><BIC>BDFEFRPPXXX</BIC></FinInstnId></DbtrAgt><CdtrAgt><FinInstnId><BIC>BELADEBEXXX</BIC></FinInstnId></CdtrAgt><Cdtr><Nm>GHI Semiconductors</Nm><PstlAdr><Ctry>US</Ctry><AdrLine>415 Avenue Brugmann</AdrLine><AdrLine>1180 Brussels</AdrLine></PstlAdr></Cdtr><CdtrAcct><Id><IBAN>FR7630004001850000101273039</IBAN></Id></CdtrAcct><UltmtCdtr><Nm>GHI Semiconductors</Nm><PstlAdr><Ctry>US</Ctry><AdrLine>415 Avenue Brugmann</AdrLine><AdrLine>1180 Brussels</AdrLine></PstlAdr></UltmtCdtr><Purp><Cd>GDDS</Cd></Purp><RmtInf><Ustrd>Max140Text Une seule occurrence "Unstructured" est autorisee</Ustrd></RmtInf></CdtTrfTxInf>
</S2SCTIcf:FIToFICstmrCdtTrf><S2SCTIcf:FIToFICstmrCdtTrf xmlns="urn:iso:std:iso:20022:tech:xsd:pacs.008.001.02"><GrpHdr><MsgId>2016101317031673629554</MsgId><CreDtTm>2016-10-13T17:03:16</CreDtTm><NbOfTxs>3</NbOfTxs><TtlIntrBkSttlmAmt Ccy="EUR">90</TtlIntrBkSttlmAmt><IntrBkSttlmDt>2016-04-04</IntrBkSttlmDt><SttlmInf><SttlmMtd>CLRG</SttlmMtd><ClrSys><Prtry>ST2</Prtry></ClrSys></SttlmInf><InstgAgt><FinInstnId><BIC>BDFEFRP0</BIC></FinInstnId></InstgAgt></GrpHdr>
<CdtTrfTxInf><PmtId><InstrId>Suivi-ST2-SCTBDF-R08-Bulk8-OPE1</InstrId><EndToEndId>Suivi-ST2-SCTBDF-R08-Bulk8-OPE1</EndToEndId><TxId>REMISE-DISPACTHOK-OPE1</TxId></PmtId><PmtTpInf><SvcLvl><Cd>SEPA</Cd></SvcLvl></PmtTpInf><IntrBkSttlmAmt Ccy="EUR">30</IntrBkSttlmAmt><ChrgBr>SLEV</ChrgBr><UltmtDbtr><Nm>ABC Corporation</Nm><Id><OrgId><Othr><Id>12345</Id></Othr></OrgId></Id></UltmtDbtr><Dbtr><Nm>ABC Corporation</Nm><PstlAdr><Ctry>US</Ctry><AdrLine>Time Square Bldg 7</AdrLine><AdrLine>NY 10036 - New York</AdrLine></PstlAdr><Id><OrgId><Othr><Id>12345</Id></Othr></OrgId></Id></Dbtr><DbtrAcct><Id><IBAN>FR0240031000010000004329E34</IBAN></Id></DbtrAcct><DbtrAgt><FinInstnId><BIC>BDFEFRPPXXX</BIC></FinInstnId></DbtrAgt><CdtrAgt><FinInstnId><BIC>BELADEBEXXX</BIC></FinInstnId></CdtrAgt><Cdtr><Nm>GHI Semiconductors</Nm><PstlAdr><Ctry>US</Ctry><AdrLine>415 Avenue Brugmann</AdrLine><AdrLine>1180 Brussels</AdrLine></PstlAdr></Cdtr><CdtrAcct><Id><IBAN>FR7630004001850000101273039</IBAN></Id></CdtrAcct><UltmtCdtr><Nm>GHI Semiconductors</Nm><PstlAdr><Ctry>US</Ctry><AdrLine>415 Avenue Brugmann</AdrLine><AdrLine>1180 Brussels</AdrLine></PstlAdr></UltmtCdtr><Purp><Cd>GDDS</Cd></Purp><RmtInf><Ustrd>Max140Text Une seule occurrence "Unstructured" est autorisee</Ustrd></RmtInf></CdtTrfTxInf>
<CdtTrfTxInf><PmtId><InstrId>Suivi-ST2-SCTBDF-R08-Bulk8-OPE2</InstrId><EndToEndId>Suivi-ST2-SCTBDF-R08-Bulk8-OPE2</EndToEndId><TxId>REMISE-DISPACTHOK-OPE2</TxId></PmtId><PmtTpInf><SvcLvl><Cd>SEPA</Cd></SvcLvl></PmtTpInf><IntrBkSttlmAmt Ccy="EUR">30</IntrBkSttlmAmt><ChrgBr>SLEV</ChrgBr><UltmtDbtr><Nm>ABC Corporation</Nm><Id><OrgId><Othr><Id>12345</Id></Othr></OrgId></Id></UltmtDbtr><Dbtr><Nm>ABC Corporation</Nm><PstlAdr><Ctry>US</Ctry><AdrLine>Time Square Bldg 7</AdrLine><AdrLine>NY 10036 - New York</AdrLine></PstlAdr><Id><OrgId><Othr><Id>12345</Id></Othr></OrgId></Id></Dbtr><DbtrAcct><Id><IBAN>FR0240031000010000004329E34</IBAN></Id></DbtrAcct><DbtrAgt><FinInstnId><BIC>BDFEFRPPXXX</BIC></FinInstnId></DbtrAgt><CdtrAgt><FinInstnId><BIC>BELADEBEXXX</BIC></FinInstnId></CdtrAgt><Cdtr><Nm>GHI Semiconductors</Nm><PstlAdr><Ctry>US</Ctry><AdrLine>415 Avenue Brugmann</AdrLine><AdrLine>1180 Brussels</AdrLine></PstlAdr></Cdtr><CdtrAcct><Id><IBAN>FR7630004001850000101273039</IBAN></Id></CdtrAcct><UltmtCdtr><Nm>GHI Semiconductors</Nm><PstlAdr><Ctry>US</Ctry><AdrLine>415 Avenue Brugmann</AdrLine><AdrLine>1180 Brussels</AdrLine></PstlAdr></UltmtCdtr><Purp><Cd>GDDS</Cd></Purp><RmtInf><Ustrd>Max140Text Une seule occurrence "Unstructured" est autorisee</Ustrd></RmtInf></CdtTrfTxInf>
<CdtTrfTxInf><PmtId><InstrId>Suivi-ST2-SCTBDF-R08-Bulk8-OPE3</InstrId><EndToEndId>Suivi-ST2-SCTBDF-R08-Bulk8-OPE3</EndToEndId><TxId>REMISE-DISPACTHOK-OPE3</TxId></PmtId><PmtTpInf><SvcLvl><Cd>SEPA</Cd></SvcLvl></PmtTpInf><IntrBkSttlmAmt Ccy="EUR">30</IntrBkSttlmAmt><ChrgBr>SLEV</ChrgBr><UltmtDbtr><Nm>ABC Corporation</Nm><Id><OrgId><Othr><Id>12345</Id></Othr></OrgId></Id></UltmtDbtr><Dbtr><Nm>ABC Corporation</Nm><PstlAdr><Ctry>US</Ctry><AdrLine>Time Square Bldg 7</AdrLine><AdrLine>NY 10036 - New York</AdrLine></PstlAdr><Id><OrgId><Othr><Id>12345</Id></Othr></OrgId></Id></Dbtr><DbtrAcct><Id><IBAN>FR0240031000010000004329E34</IBAN></Id></DbtrAcct><DbtrAgt><FinInstnId><BIC>BDFEFRPPXXX</BIC></FinInstnId></DbtrAgt><CdtrAgt><FinInstnId><BIC>BELADEBEXXX</BIC></FinInstnId></CdtrAgt><Cdtr><Nm>GHI Semiconductors</Nm><PstlAdr><Ctry>US</Ctry><AdrLine>415 Avenue Brugmann</AdrLine><AdrLine>1180 Brussels</AdrLine></PstlAdr></Cdtr><CdtrAcct><Id><IBAN>FR7630004001850000101273039</IBAN></Id></CdtrAcct><UltmtCdtr><Nm>GHI Semiconductors</Nm><PstlAdr><Ctry>US</Ctry><AdrLine>415 Avenue Brugmann</AdrLine><AdrLine>1180 Brussels</AdrLine></PstlAdr></UltmtCdtr><Purp><Cd>GDDS</Cd></Purp><RmtInf><Ustrd>Max140Text Une seule occurrence "Unstructured" est autorisee</Ustrd></RmtInf></CdtTrfTxInf>
</S2SCTIcf:FIToFICstmrCdtTrf><S2SCTIcf:FIToFICstmrCdtTrf xmlns="urn:iso:std:iso:20022:tech:xsd:pacs.008.001.02"><GrpHdr><MsgId>2016101317031673716428</MsgId><CreDtTm>2016-10-13T17:03:16</CreDtTm><NbOfTxs>3</NbOfTxs><TtlIntrBkSttlmAmt Ccy="EUR">90</TtlIntrBkSttlmAmt><IntrBkSttlmDt>2016-04-04</IntrBkSttlmDt><SttlmInf><SttlmMtd>CLRG</SttlmMtd><ClrSys><Prtry>ST2</Prtry></ClrSys></SttlmInf><InstgAgt><FinInstnId><BIC>BDFEFRP0</BIC></FinInstnId></InstgAgt></GrpHdr>
<CdtTrfTxInf><PmtId><InstrId>Suivi-ST2-SCTBDF-R08-Bulk7-OPE1</InstrId><EndToEndId>Suivi-ST2-SCTBDF-R08-Bulk7-OPE1</EndToEndId><TxId>REMISE-DISPACTHOK-OPE1</TxId></PmtId><PmtTpInf><SvcLvl><Cd>SEPA</Cd></SvcLvl></PmtTpInf><IntrBkSttlmAmt Ccy="EUR">30</IntrBkSttlmAmt><ChrgBr>SLEV</ChrgBr><UltmtDbtr><Nm>ABC Corporation</Nm><Id><OrgId><Othr><Id>12345</Id></Othr></OrgId></Id></UltmtDbtr><Dbtr><Nm>ABC Corporation</Nm><PstlAdr><Ctry>US</Ctry><AdrLine>Time Square Bldg 7</AdrLine><AdrLine>NY 10036 - New York</AdrLine></PstlAdr><Id><OrgId><Othr><Id>12345</Id></Othr></OrgId></Id></Dbtr><DbtrAcct><Id><IBAN>FR0240031000010000004329E34</IBAN></Id></DbtrAcct><DbtrAgt><FinInstnId><BIC>BDFEFRPPXXX</BIC></FinInstnId></DbtrAgt><CdtrAgt><FinInstnId><BIC>BELADEBEXXX</BIC></FinInstnId></CdtrAgt><Cdtr><Nm>GHI Semiconductors</Nm><PstlAdr><Ctry>US</Ctry><AdrLine>415 Avenue Brugmann</AdrLine><AdrLine>1180 Brussels</AdrLine></PstlAdr></Cdtr><CdtrAcct><Id><IBAN>FR7630004001850000101273039</IBAN></Id></CdtrAcct><UltmtCdtr><Nm>GHI Semiconductors</Nm><PstlAdr><Ctry>US</Ctry><AdrLine>415 Avenue Brugmann</AdrLine><AdrLine>1180 Brussels</AdrLine></PstlAdr></UltmtCdtr><Purp><Cd>GDDS</Cd></Purp><RmtInf><Ustrd>Max140Text Une seule occurrence "Unstructured" est autorisee</Ustrd></RmtInf></CdtTrfTxInf>
<CdtTrfTxInf><PmtId><InstrId>Suivi-ST2-SCTBDF-R08-Bulk7-OPE2</InstrId><EndToEndId>Suivi-ST2-SCTBDF-R08-Bulk7-OPE2</EndToEndId><TxId>REMISE-DISPACTHOK-OPE2</TxId></PmtId><PmtTpInf><SvcLvl><Cd>SEPA</Cd></SvcLvl></PmtTpInf><IntrBkSttlmAmt Ccy="EUR">30</IntrBkSttlmAmt><ChrgBr>SLEV</ChrgBr><UltmtDbtr><Nm>ABC Corporation</Nm><Id><OrgId><Othr><Id>12345</Id></Othr></OrgId></Id></UltmtDbtr><Dbtr><Nm>ABC Corporation</Nm><PstlAdr><Ctry>US</Ctry><AdrLine>Time Square Bldg 7</AdrLine><AdrLine>NY 10036 - New York</AdrLine></PstlAdr><Id><OrgId><Othr><Id>12345</Id></Othr></OrgId></Id></Dbtr><DbtrAcct><Id><IBAN>FR0240031000010000004329E34</IBAN></Id></DbtrAcct><DbtrAgt><FinInstnId><BIC>BDFEFRPPXXX</BIC></FinInstnId></DbtrAgt><CdtrAgt><FinInstnId><BIC>BELADEBEXXX</BIC></FinInstnId></CdtrAgt><Cdtr><Nm>GHI Semiconductors</Nm><PstlAdr><Ctry>US</Ctry><AdrLine>415 Avenue Brugmann</AdrLine><AdrLine>1180 Brussels</AdrLine></PstlAdr></Cdtr><CdtrAcct><Id><IBAN>FR7630004001850000101273039</IBAN></Id></CdtrAcct><UltmtCdtr><Nm>GHI Semiconductors</Nm><PstlAdr><Ctry>US</Ctry><AdrLine>415 Avenue Brugmann</AdrLine><AdrLine>1180 Brussels</AdrLine></PstlAdr></UltmtCdtr><Purp><Cd>GDDS</Cd></Purp><RmtInf><Ustrd>Max140Text Une seule occurrence "Unstructured" est autorisee</Ustrd></RmtInf></CdtTrfTxInf>
<CdtTrfTxInf><PmtId><InstrId>Suivi-ST2-SCTBDF-R08-Bulk7-OPE3</InstrId><EndToEndId>Suivi-ST2-SCTBDF-R08-Bulk7-OPE3</EndToEndId><TxId>REMISE-DISPACTHOK-OPE3</TxId></PmtId><PmtTpInf><SvcLvl><Cd>SEPA</Cd></SvcLvl></PmtTpInf><IntrBkSttlmAmt Ccy="EUR">30</IntrBkSttlmAmt><ChrgBr>SLEV</ChrgBr><UltmtDbtr><Nm>ABC Corporation</Nm><Id><OrgId><Othr><Id>12345</Id></Othr></OrgId></Id></UltmtDbtr><Dbtr><Nm>ABC Corporation</Nm><PstlAdr><Ctry>US</Ctry><AdrLine>Time Square Bldg 7</AdrLine><AdrLine>NY 10036 - New York</AdrLine></PstlAdr><Id><OrgId><Othr><Id>12345</Id></Othr></OrgId></Id></Dbtr><DbtrAcct><Id><IBAN>FR0240031000010000004329E34</IBAN></Id></DbtrAcct><DbtrAgt><FinInstnId><BIC>BDFEFRPPXXX</BIC></FinInstnId></DbtrAgt><CdtrAgt><FinInstnId><BIC>BELADEBEXXX</BIC></FinInstnId></CdtrAgt><Cdtr><Nm>GHI Semiconductors</Nm><PstlAdr><Ctry>US</Ctry><AdrLine>415 Avenue Brugmann</AdrLine><AdrLine>1180 Brussels</AdrLine></PstlAdr></Cdtr><CdtrAcct><Id><IBAN>FR7630004001850000101273039</IBAN></Id></CdtrAcct><UltmtCdtr><Nm>GHI Semiconductors</Nm><PstlAdr><Ctry>US</Ctry><AdrLine>415 Avenue Brugmann</AdrLine><AdrLine>1180 Brussels</AdrLine></PstlAdr></UltmtCdtr><Purp><Cd>GDDS</Cd></Purp><RmtInf><Ustrd>Max140Text Une seule occurrence "Unstructured" est autorisee</Ustrd></RmtInf></CdtTrfTxInf>
</S2SCTIcf:FIToFICstmrCdtTrf><S2SCTIcf:FIToFICstmrCdtTrf xmlns="urn:iso:std:iso:20022:tech:xsd:pacs.008.001.02"><GrpHdr><MsgId>2016101317031673927529</MsgId><CreDtTm>2016-10-13T17:03:16</CreDtTm><NbOfTxs>3</NbOfTxs><TtlIntrBkSttlmAmt Ccy="EUR">90</TtlIntrBkSttlmAmt><IntrBkSttlmDt>2016-04-04</IntrBkSttlmDt><SttlmInf><SttlmMtd>CLRG</SttlmMtd><ClrSys><Prtry>ST2</Prtry></ClrSys></SttlmInf><InstgAgt><FinInstnId><BIC>BDFEFRP0</BIC></FinInstnId></InstgAgt></GrpHdr>
<CdtTrfTxInf><PmtId><InstrId>Suivi-ST2-SCTBDF-R08-Bulk9-OPE1</InstrId><EndToEndId>Suivi-ST2-SCTBDF-R08-Bulk9-OPE1</EndToEndId><TxId>REMISE-DISPACTHOK-OPE1</TxId></PmtId><PmtTpInf><SvcLvl><Cd>SEPA</Cd></SvcLvl></PmtTpInf><IntrBkSttlmAmt Ccy="EUR">30</IntrBkSttlmAmt><ChrgBr>SLEV</ChrgBr><UltmtDbtr><Nm>ABC Corporation</Nm><Id><OrgId><Othr><Id>12345</Id></Othr></OrgId></Id></UltmtDbtr><Dbtr><Nm>ABC Corporation</Nm><PstlAdr><Ctry>US</Ctry><AdrLine>Time Square Bldg 7</AdrLine><AdrLine>NY 10036 - New York</AdrLine></PstlAdr><Id><OrgId><Othr><Id>12345</Id></Othr></OrgId></Id></Dbtr><DbtrAcct><Id><IBAN>FR0240031000010000004329E34</IBAN></Id></DbtrAcct><DbtrAgt><FinInstnId><BIC>BDFEFRPPXXX</BIC></FinInstnId></DbtrAgt><CdtrAgt><FinInstnId><BIC>BELADEBEXXX</BIC></FinInstnId></CdtrAgt><Cdtr><Nm>GHI Semiconductors</Nm><PstlAdr><Ctry>US</Ctry><AdrLine>415 Avenue Brugmann</AdrLine><AdrLine>1180 Brussels</AdrLine></PstlAdr></Cdtr><CdtrAcct><Id><IBAN>FR7630004001850000101273039</IBAN></Id></CdtrAcct><UltmtCdtr><Nm>GHI Semiconductors</Nm><PstlAdr><Ctry>US</Ctry><AdrLine>415 Avenue Brugmann</AdrLine><AdrLine>1180 Brussels</AdrLine></PstlAdr></UltmtCdtr><Purp><Cd>GDDS</Cd></Purp><RmtInf><Ustrd>Max140Text Une seule occurrence "Unstructured" est autorisee</Ustrd></RmtInf></CdtTrfTxInf>
<CdtTrfTxInf><PmtId><InstrId>Suivi-ST2-SCTBDF-R08-Bulk9-OPE2</InstrId><EndToEndId>Suivi-ST2-SCTBDF-R08-Bulk9-OPE2</EndToEndId><TxId>REMISE-DISPACTHOK-OPE2</TxId></PmtId><PmtTpInf><SvcLvl><Cd>SEPA</Cd></SvcLvl></PmtTpInf><IntrBkSttlmAmt Ccy="EUR">30</IntrBkSttlmAmt><ChrgBr>SLEV</ChrgBr><UltmtDbtr><Nm>ABC Corporation</Nm><Id><OrgId><Othr><Id>12345</Id></Othr></OrgId></Id></UltmtDbtr><Dbtr><Nm>ABC Corporation</Nm><PstlAdr><Ctry>US</Ctry><AdrLine>Time Square Bldg 7</AdrLine><AdrLine>NY 10036 - New York</AdrLine></PstlAdr><Id><OrgId><Othr><Id>12345</Id></Othr></OrgId></Id></Dbtr><DbtrAcct><Id><IBAN>FR0240031000010000004329E34</IBAN></Id></DbtrAcct><DbtrAgt><FinInstnId><BIC>BDFEFRPPXXX</BIC></FinInstnId></DbtrAgt><CdtrAgt><FinInstnId><BIC>BELADEBEXXX</BIC></FinInstnId></CdtrAgt><Cdtr><Nm>GHI Semiconductors</Nm><PstlAdr><Ctry>US</Ctry><AdrLine>415 Avenue Brugmann</AdrLine><AdrLine>1180 Brussels</AdrLine></PstlAdr></Cdtr><CdtrAcct><Id><IBAN>FR7630004001850000101273039</IBAN></Id></CdtrAcct><UltmtCdtr><Nm>GHI Semiconductors</Nm><PstlAdr><Ctry>US</Ctry><AdrLine>415 Avenue Brugmann</AdrLine><AdrLine>1180 Brussels</AdrLine></PstlAdr></UltmtCdtr><Purp><Cd>GDDS</Cd></Purp><RmtInf><Ustrd>Max140Text Une seule occurrence "Unstructured" est autorisee</Ustrd></RmtInf></CdtTrfTxInf>
<CdtTrfTxInf><PmtId><InstrId>Suivi-ST2-SCTBDF-R08-Bulk9-OPE3</InstrId><EndToEndId>Suivi-ST2-SCTBDF-R08-Bulk9-OPE3</EndToEndId><TxId>REMISE-DISPACTHOK-OPE3</TxId></PmtId><PmtTpInf><SvcLvl><Cd>SEPA</Cd></SvcLvl></PmtTpInf><IntrBkSttlmAmt Ccy="EUR">30</IntrBkSttlmAmt><ChrgBr>SLEV</ChrgBr><UltmtDbtr><Nm>ABC Corporation</Nm><Id><OrgId><Othr><Id>12345</Id></Othr></OrgId></Id></UltmtDbtr><Dbtr><Nm>ABC Corporation</Nm><PstlAdr><Ctry>US</Ctry><AdrLine>Time Square Bldg 7</AdrLine><AdrLine>NY 10036 - New York</AdrLine></PstlAdr><Id><OrgId><Othr><Id>12345</Id></Othr></OrgId></Id></Dbtr><DbtrAcct><Id><IBAN>FR0240031000010000004329E34</IBAN></Id></DbtrAcct><DbtrAgt><FinInstnId><BIC>BDFEFRPPXXX</BIC></FinInstnId></DbtrAgt><CdtrAgt><FinInstnId><BIC>BELADEBEXXX</BIC></FinInstnId></CdtrAgt><Cdtr><Nm>GHI Semiconductors</Nm><PstlAdr><Ctry>US</Ctry><AdrLine>415 Avenue Brugmann</AdrLine><AdrLine>1180 Brussels</AdrLine></PstlAdr></Cdtr><CdtrAcct><Id><IBAN>FR7630004001850000101273039</IBAN></Id></CdtrAcct><UltmtCdtr><Nm>GHI Semiconductors</Nm><PstlAdr><Ctry>US</Ctry><AdrLine>415 Avenue Brugmann</AdrLine><AdrLine>1180 Brussels</AdrLine></PstlAdr></UltmtCdtr><Purp><Cd>GDDS</Cd></Purp><RmtInf><Ustrd>Max140Text Une seule occurrence "Unstructured" est autorisee</Ustrd></RmtInf></CdtTrfTxInf>
</S2SCTIcf:FIToFICstmrCdtTrf><S2SCTIcf:FIToFICstmrCdtTrf xmlns="urn:iso:std:iso:20022:tech:xsd:pacs.008.001.02"><GrpHdr><MsgId>2016101317031674066170</MsgId><CreDtTm>2016-10-13T17:03:16</CreDtTm><NbOfTxs>3</NbOfTxs><TtlIntrBkSttlmAmt Ccy="EUR">90</TtlIntrBkSttlmAmt><IntrBkSttlmDt>2016-04-04</IntrBkSttlmDt><SttlmInf><SttlmMtd>CLRG</SttlmMtd><ClrSys><Prtry>ST2</Prtry></ClrSys></SttlmInf><InstgAgt><FinInstnId><BIC>BDFEFRP0</BIC></FinInstnId></InstgAgt></GrpHdr>
<CdtTrfTxInf><PmtId><InstrId>Suivi-ST2-SCTBDF-R08-Bulk12-OPE1</InstrId><EndToEndId>Suivi-ST2-SCTBDF-R08-Bulk12-OPE1</EndToEndId><TxId>REMISE-DISPACTHOK-OPE1</TxId></PmtId><PmtTpInf><SvcLvl><Cd>SEPA</Cd></SvcLvl></PmtTpInf><IntrBkSttlmAmt Ccy="EUR">30</IntrBkSttlmAmt><ChrgBr>SLEV</ChrgBr><UltmtDbtr><Nm>ABC Corporation</Nm><Id><OrgId><Othr><Id>12345</Id></Othr></OrgId></Id></UltmtDbtr><Dbtr><Nm>ABC Corporation</Nm><PstlAdr><Ctry>US</Ctry><AdrLine>Time Square Bldg 7</AdrLine><AdrLine>NY 10036 - New York</AdrLine></PstlAdr><Id><OrgId><Othr><Id>12345</Id></Othr></OrgId></Id></Dbtr><DbtrAcct><Id><IBAN>FR0240031000010000004329E34</IBAN></Id></DbtrAcct><DbtrAgt><FinInstnId><BIC>BDFEFRPPXXX</BIC></FinInstnId></DbtrAgt><CdtrAgt><FinInstnId><BIC>BELADEBEXXX</BIC></FinInstnId></CdtrAgt><Cdtr><Nm>GHI Semiconductors</Nm><PstlAdr><Ctry>US</Ctry><AdrLine>415 Avenue Brugmann</AdrLine><AdrLine>1180 Brussels</AdrLine></PstlAdr></Cdtr><CdtrAcct><Id><IBAN>FR7630004001850000101273039</IBAN></Id></CdtrAcct><UltmtCdtr><Nm>GHI Semiconductors</Nm><PstlAdr><Ctry>US</Ctry><AdrLine>415 Avenue Brugmann</AdrLine><AdrLine>1180 Brussels</AdrLine></PstlAdr></UltmtCdtr><Purp><Cd>GDDS</Cd></Purp><RmtInf><Ustrd>Max140Text Une seule occurrence "Unstructured" est autorisee</Ustrd></RmtInf></CdtTrfTxInf>
<CdtTrfTxInf><PmtId><InstrId>Suivi-ST2-SCTBDF-R08-Bulk12-OPE2</InstrId><EndToEndId>Suivi-ST2-SCTBDF-R08-Bulk12-OPE2</EndToEndId><TxId>REMISE-DISPACTHOK-OPE2</TxId></PmtId><PmtTpInf><SvcLvl><Cd>SEPA</Cd></SvcLvl></PmtTpInf><IntrBkSttlmAmt Ccy="EUR">30</IntrBkSttlmAmt><ChrgBr>SLEV</ChrgBr><UltmtDbtr><Nm>ABC Corporation</Nm><Id><OrgId><Othr><Id>12345</Id></Othr></OrgId></Id></UltmtDbtr><Dbtr><Nm>ABC Corporation</Nm><PstlAdr><Ctry>US</Ctry><AdrLine>Time Square Bldg 7</AdrLine><AdrLine>NY 10036 - New York</AdrLine></PstlAdr><Id><OrgId><Othr><Id>12345</Id></Othr></OrgId></Id></Dbtr><DbtrAcct><Id><IBAN>FR0240031000010000004329E34</IBAN></Id></DbtrAcct><DbtrAgt><FinInstnId><BIC>BDFEFRPPXXX</BIC></FinInstnId></DbtrAgt><CdtrAgt><FinInstnId><BIC>BELADEBEXXX</BIC></FinInstnId></CdtrAgt><Cdtr><Nm>GHI Semiconductors</Nm><PstlAdr><Ctry>US</Ctry><AdrLine>415 Avenue Brugmann</AdrLine><AdrLine>1180 Brussels</AdrLine></PstlAdr></Cdtr><CdtrAcct><Id><IBAN>FR7630004001850000101273039</IBAN></Id></CdtrAcct><UltmtCdtr><Nm>GHI Semiconductors</Nm><PstlAdr><Ctry>US</Ctry><AdrLine>415 Avenue Brugmann</AdrLine><AdrLine>1180 Brussels</AdrLine></PstlAdr></UltmtCdtr><Purp><Cd>GDDS</Cd></Purp><RmtInf><Ustrd>Max140Text Une seule occurrence "Unstructured" est autorisee</Ustrd></RmtInf></CdtTrfTxInf>
<CdtTrfTxInf><PmtId><InstrId>Suivi-ST2-SCTBDF-R08-Bulk12-OPE3</InstrId><EndToEndId>Suivi-ST2-SCTBDF-R08-Bulk12-OPE3</EndToEndId><TxId>REMISE-DISPACTHOK-OPE3</TxId></PmtId><PmtTpInf><SvcLvl><Cd>SEPA</Cd></SvcLvl></PmtTpInf><IntrBkSttlmAmt Ccy="EUR">30</IntrBkSttlmAmt><ChrgBr>SLEV</ChrgBr><UltmtDbtr><Nm>ABC Corporation</Nm><Id><OrgId><Othr><Id>12345</Id></Othr></OrgId></Id></UltmtDbtr><Dbtr><Nm>ABC Corporation</Nm><PstlAdr><Ctry>US</Ctry><AdrLine>Time Square Bldg 7</AdrLine><AdrLine>NY 10036 - New York</AdrLine></PstlAdr><Id><OrgId><Othr><Id>12345</Id></Othr></OrgId></Id></Dbtr><DbtrAcct><Id><IBAN>FR0240031000010000004329E34</IBAN></Id></DbtrAcct><DbtrAgt><FinInstnId><BIC>BDFEFRPPXXX</BIC></FinInstnId></DbtrAgt><CdtrAgt><FinInstnId><BIC>BELADEBEXXX</BIC></FinInstnId></CdtrAgt><Cdtr><Nm>GHI Semiconductors</Nm><PstlAdr><Ctry>US</Ctry><AdrLine>415 Avenue Brugmann</AdrLine><AdrLine>1180 Brussels</AdrLine></PstlAdr></Cdtr><CdtrAcct><Id><IBAN>FR7630004001850000101273039</IBAN></Id></CdtrAcct><UltmtCdtr><Nm>GHI Semiconductors</Nm><PstlAdr><Ctry>US</Ctry><AdrLine>415 Avenue Brugmann</AdrLine><AdrLine>1180 Brussels</AdrLine></PstlAdr></UltmtCdtr><Purp><Cd>GDDS</Cd></Purp><RmtInf><Ustrd>Max140Text Une seule occurrence "Unstructured" est autorisee</Ustrd></RmtInf></CdtTrfTxInf>
</S2SCTIcf:FIToFICstmrCdtTrf><S2SCTIcf:FIToFICstmrCdtTrf xmlns="urn:iso:std:iso:20022:tech:xsd:pacs.008.001.02"><GrpHdr><MsgId>2016101317031674226636</MsgId><CreDtTm>2016-10-13T17:03:16</CreDtTm><NbOfTxs>3</NbOfTxs><TtlIntrBkSttlmAmt Ccy="EUR">90</TtlIntrBkSttlmAmt><IntrBkSttlmDt>2016-04-04</IntrBkSttlmDt><SttlmInf><SttlmMtd>CLRG</SttlmMtd><ClrSys><Prtry>ST2</Prtry></ClrSys></SttlmInf><InstgAgt><FinInstnId><BIC>BDFEFRP0</BIC></FinInstnId></InstgAgt></GrpHdr>
<CdtTrfTxInf><PmtId><InstrId>Suivi-ST2-SCTBDF-R08-Bulk13-OPE1</InstrId><EndToEndId>Suivi-ST2-SCTBDF-R08-Bulk13-OPE1</EndToEndId><TxId>REMISE-DISPACTHOK-OPE1</TxId></PmtId><PmtTpInf><SvcLvl><Cd>SEPA</Cd></SvcLvl></PmtTpInf><IntrBkSttlmAmt Ccy="EUR">30</IntrBkSttlmAmt><ChrgBr>SLEV</ChrgBr><UltmtDbtr><Nm>ABC Corporation</Nm><Id><OrgId><Othr><Id>12345</Id></Othr></OrgId></Id></UltmtDbtr><Dbtr><Nm>ABC Corporation</Nm><PstlAdr><Ctry>US</Ctry><AdrLine>Time Square Bldg 7</AdrLine><AdrLine>NY 10036 - New York</AdrLine></PstlAdr><Id><OrgId><Othr><Id>12345</Id></Othr></OrgId></Id></Dbtr><DbtrAcct><Id><IBAN>FR0240031000010000004329E34</IBAN></Id></DbtrAcct><DbtrAgt><FinInstnId><BIC>BDFEFRPPXXX</BIC></FinInstnId></DbtrAgt><CdtrAgt><FinInstnId><BIC>BELADEBEXXX</BIC></FinInstnId></CdtrAgt><Cdtr><Nm>GHI Semiconductors</Nm><PstlAdr><Ctry>US</Ctry><AdrLine>415 Avenue Brugmann</AdrLine><AdrLine>1180 Brussels</AdrLine></PstlAdr></Cdtr><CdtrAcct><Id><IBAN>FR7630004001850000101273039</IBAN></Id></CdtrAcct><UltmtCdtr><Nm>GHI Semiconductors</Nm><PstlAdr><Ctry>US</Ctry><AdrLine>415 Avenue Brugmann</AdrLine><AdrLine>1180 Brussels</AdrLine></PstlAdr></UltmtCdtr><Purp><Cd>GDDS</Cd></Purp><RmtInf><Ustrd>Max140Text Une seule occurrence "Unstructured" est autorisee</Ustrd></RmtInf></CdtTrfTxInf>
<CdtTrfTxInf><PmtId><InstrId>Suivi-ST2-SCTBDF-R08-Bulk13-OPE2</InstrId><EndToEndId>Suivi-ST2-SCTBDF-R08-Bulk13-OPE2</EndToEndId><TxId>REMISE-DISPACTHOK-OPE2</TxId></PmtId><PmtTpInf><SvcLvl><Cd>SEPA</Cd></SvcLvl></PmtTpInf><IntrBkSttlmAmt Ccy="EUR">30</IntrBkSttlmAmt><ChrgBr>SLEV</ChrgBr><UltmtDbtr><Nm>ABC Corporation</Nm><Id><OrgId><Othr><Id>12345</Id></Othr></OrgId></Id></UltmtDbtr><Dbtr><Nm>ABC Corporation</Nm><PstlAdr><Ctry>US</Ctry><AdrLine>Time Square Bldg 7</AdrLine><AdrLine>NY 10036 - New York</AdrLine></PstlAdr><Id><OrgId><Othr><Id>12345</Id></Othr></OrgId></Id></Dbtr><DbtrAcct><Id><IBAN>FR0240031000010000004329E34</IBAN></Id></DbtrAcct><DbtrAgt><FinInstnId><BIC>BDFEFRPPXXX</BIC></FinInstnId></DbtrAgt><CdtrAgt><FinInstnId><BIC>BELADEBEXXX</BIC></FinInstnId></CdtrAgt><Cdtr><Nm>GHI Semiconductors</Nm><PstlAdr><Ctry>US</Ctry><AdrLine>415 Avenue Brugmann</AdrLine><AdrLine>1180 Brussels</AdrLine></PstlAdr></Cdtr><CdtrAcct><Id><IBAN>FR7630004001850000101273039</IBAN></Id></CdtrAcct><UltmtCdtr><Nm>GHI Semiconductors</Nm><PstlAdr><Ctry>US</Ctry><AdrLine>415 Avenue Brugmann</AdrLine><AdrLine>1180 Brussels</AdrLine></PstlAdr></UltmtCdtr><Purp><Cd>GDDS</Cd></Purp><RmtInf><Ustrd>Max140Text Une seule occurrence "Unstructured" est autorisee</Ustrd></RmtInf></CdtTrfTxInf>
<CdtTrfTxInf><PmtId><InstrId>Suivi-ST2-SCTBDF-R08-Bulk13-OPE3</InstrId><EndToEndId>Suivi-ST2-SCTBDF-R08-Bulk13-OPE3</EndToEndId><TxId>REMISE-DISPACTHOK-OPE3</TxId></PmtId><PmtTpInf><SvcLvl><Cd>SEPA</Cd></SvcLvl></PmtTpInf><IntrBkSttlmAmt Ccy="EUR">30</IntrBkSttlmAmt><ChrgBr>SLEV</ChrgBr><UltmtDbtr><Nm>ABC Corporation</Nm><Id><OrgId><Othr><Id>12345</Id></Othr></OrgId></Id></UltmtDbtr><Dbtr><Nm>ABC Corporation</Nm><PstlAdr><Ctry>US</Ctry><AdrLine>Time Square Bldg 7</AdrLine><AdrLine>NY 10036 - New York</AdrLine></PstlAdr><Id><OrgId><Othr><Id>12345</Id></Othr></OrgId></Id></Dbtr><DbtrAcct><Id><IBAN>FR0240031000010000004329E34</IBAN></Id></DbtrAcct><DbtrAgt><FinInstnId><BIC>BDFEFRPPXXX</BIC></FinInstnId></DbtrAgt><CdtrAgt><FinInstnId><BIC>BELADEBEXXX</BIC></FinInstnId></CdtrAgt><Cdtr><Nm>GHI Semiconductors</Nm><PstlAdr><Ctry>US</Ctry><AdrLine>415 Avenue Brugmann</AdrLine><AdrLine>1180 Brussels</AdrLine></PstlAdr></Cdtr><CdtrAcct><Id><IBAN>FR7630004001850000101273039</IBAN></Id></CdtrAcct><UltmtCdtr><Nm>GHI Semiconductors</Nm><PstlAdr><Ctry>US</Ctry><AdrLine>415 Avenue Brugmann</AdrLine><AdrLine>1180 Brussels</AdrLine></PstlAdr></UltmtCdtr><Purp><Cd>GDDS</Cd></Purp><RmtInf><Ustrd>Max140Text Une seule occurrence "Unstructured" est autorisee</Ustrd></RmtInf></CdtTrfTxInf>
</S2SCTIcf:FIToFICstmrCdtTrf><S2SCTIcf:FIToFICstmrCdtTrf xmlns="urn:iso:std:iso:20022:tech:xsd:pacs.008.001.02"><GrpHdr><MsgId>2016101317031674333648</MsgId><CreDtTm>2016-10-13T17:03:16</CreDtTm><NbOfTxs>3</NbOfTxs><TtlIntrBkSttlmAmt Ccy="EUR">90</TtlIntrBkSttlmAmt><IntrBkSttlmDt>2016-04-04</IntrBkSttlmDt><SttlmInf><SttlmMtd>CLRG</SttlmMtd><ClrSys><Prtry>ST2</Prtry></ClrSys></SttlmInf><InstgAgt><FinInstnId><BIC>BDFEFRP0</BIC></FinInstnId></InstgAgt></GrpHdr>
<CdtTrfTxInf><PmtId><InstrId>Suivi-ST2-SCTBDF-R08-Bulk10-OPE1</InstrId><EndToEndId>Suivi-ST2-SCTBDF-R08-Bulk10-OPE1</EndToEndId><TxId>REMISE-DISPACTHOK-OPE1</TxId></PmtId><PmtTpInf><SvcLvl><Cd>SEPA</Cd></SvcLvl></PmtTpInf><IntrBkSttlmAmt Ccy="EUR">30</IntrBkSttlmAmt><ChrgBr>SLEV</ChrgBr><UltmtDbtr><Nm>ABC Corporation</Nm><Id><OrgId><Othr><Id>12345</Id></Othr></OrgId></Id></UltmtDbtr><Dbtr><Nm>ABC Corporation</Nm><PstlAdr><Ctry>US</Ctry><AdrLine>Time Square Bldg 7</AdrLine><AdrLine>NY 10036 - New York</AdrLine></PstlAdr><Id><OrgId><Othr><Id>12345</Id></Othr></OrgId></Id></Dbtr><DbtrAcct><Id><IBAN>FR0240031000010000004329E34</IBAN></Id></DbtrAcct><DbtrAgt><FinInstnId><BIC>BDFEFRPPXXX</BIC></FinInstnId></DbtrAgt><CdtrAgt><FinInstnId><BIC>BELADEBEXXX</BIC></FinInstnId></CdtrAgt><Cdtr><Nm>GHI Semiconductors</Nm><PstlAdr><Ctry>US</Ctry><AdrLine>415 Avenue Brugmann</AdrLine><AdrLine>1180 Brussels</AdrLine></PstlAdr></Cdtr><CdtrAcct><Id><IBAN>FR7630004001850000101273039</IBAN></Id></CdtrAcct><UltmtCdtr><Nm>GHI Semiconductors</Nm><PstlAdr><Ctry>US</Ctry><AdrLine>415 Avenue Brugmann</AdrLine><AdrLine>1180 Brussels</AdrLine></PstlAdr></UltmtCdtr><Purp><Cd>GDDS</Cd></Purp><RmtInf><Ustrd>Max140Text Une seule occurrence "Unstructured" est autorisee</Ustrd></RmtInf></CdtTrfTxInf>
<CdtTrfTxInf><PmtId><InstrId>Suivi-ST2-SCTBDF-R08-Bulk10-OPE2</InstrId><EndToEndId>Suivi-ST2-SCTBDF-R08-Bulk10-OPE2</EndToEndId><TxId>REMISE-DISPACTHOK-OPE2</TxId></PmtId><PmtTpInf><SvcLvl><Cd>SEPA</Cd></SvcLvl></PmtTpInf><IntrBkSttlmAmt Ccy="EUR">30</IntrBkSttlmAmt><ChrgBr>SLEV</ChrgBr><UltmtDbtr><Nm>ABC Corporation</Nm><Id><OrgId><Othr><Id>12345</Id></Othr></OrgId></Id></UltmtDbtr><Dbtr><Nm>ABC Corporation</Nm><PstlAdr><Ctry>US</Ctry><AdrLine>Time Square Bldg 7</AdrLine><AdrLine>NY 10036 - New York</AdrLine></PstlAdr><Id><OrgId><Othr><Id>12345</Id></Othr></OrgId></Id></Dbtr><DbtrAcct><Id><IBAN>FR0240031000010000004329E34</IBAN></Id></DbtrAcct><DbtrAgt><FinInstnId><BIC>BDFEFRPPXXX</BIC></FinInstnId></DbtrAgt><CdtrAgt><FinInstnId><BIC>BELADEBEXXX</BIC></FinInstnId></CdtrAgt><Cdtr><Nm>GHI Semiconductors</Nm><PstlAdr><Ctry>US</Ctry><AdrLine>415 Avenue Brugmann</AdrLine><AdrLine>1180 Brussels</AdrLine></PstlAdr></Cdtr><CdtrAcct><Id><IBAN>FR7630004001850000101273039</IBAN></Id></CdtrAcct><UltmtCdtr><Nm>GHI Semiconductors</Nm><PstlAdr><Ctry>US</Ctry><AdrLine>415 Avenue Brugmann</AdrLine><AdrLine>1180 Brussels</AdrLine></PstlAdr></UltmtCdtr><Purp><Cd>GDDS</Cd></Purp><RmtInf><Ustrd>Max140Text Une seule occurrence "Unstructured" est autorisee</Ustrd></RmtInf></CdtTrfTxInf>
<CdtTrfTxInf><PmtId><InstrId>Suivi-ST2-SCTBDF-R08-Bulk10-OPE3</InstrId><EndToEndId>Suivi-ST2-SCTBDF-R08-Bulk10-OPE3</EndToEndId><TxId>REMISE-DISPACTHOK-OPE3</TxId></PmtId><PmtTpInf><SvcLvl><Cd>SEPA</Cd></SvcLvl></PmtTpInf><IntrBkSttlmAmt Ccy="EUR">30</IntrBkSttlmAmt><ChrgBr>SLEV</ChrgBr><UltmtDbtr><Nm>ABC Corporation</Nm><Id><OrgId><Othr><Id>12345</Id></Othr></OrgId></Id></UltmtDbtr><Dbtr><Nm>ABC Corporation</Nm><PstlAdr><Ctry>US</Ctry><AdrLine>Time Square Bldg 7</AdrLine><AdrLine>NY 10036 - New York</AdrLine></PstlAdr><Id><OrgId><Othr><Id>12345</Id></Othr></OrgId></Id></Dbtr><DbtrAcct><Id><IBAN>FR0240031000010000004329E34</IBAN></Id></DbtrAcct><DbtrAgt><FinInstnId><BIC>BDFEFRPPXXX</BIC></FinInstnId></DbtrAgt><CdtrAgt><FinInstnId><BIC>BELADEBEXXX</BIC></FinInstnId></CdtrAgt><Cdtr><Nm>GHI Semiconductors</Nm><PstlAdr><Ctry>US</Ctry><AdrLine>415 Avenue Brugmann</AdrLine><AdrLine>1180 Brussels</AdrLine></PstlAdr></Cdtr><CdtrAcct><Id><IBAN>FR7630004001850000101273039</IBAN></Id></CdtrAcct><UltmtCdtr><Nm>GHI Semiconductors</Nm><PstlAdr><Ctry>US</Ctry><AdrLine>415 Avenue Brugmann</AdrLine><AdrLine>1180 Brussels</AdrLine></PstlAdr></UltmtCdtr><Purp><Cd>GDDS</Cd></Purp><RmtInf><Ustrd>Max140Text Une seule occurrence "Unstructured" est autorisee</Ustrd></RmtInf></CdtTrfTxInf>
</S2SCTIcf:FIToFICstmrCdtTrf><S2SCTIcf:FIToFICstmrCdtTrf xmlns="urn:iso:std:iso:20022:tech:xsd:pacs.008.001.02"><GrpHdr><MsgId>2016101317031674471559</MsgId><CreDtTm>2016-10-13T17:03:16</CreDtTm><NbOfTxs>3</NbOfTxs><TtlIntrBkSttlmAmt Ccy="EUR">90</TtlIntrBkSttlmAmt><IntrBkSttlmDt>2016-04-04</IntrBkSttlmDt><SttlmInf><SttlmMtd>CLRG</SttlmMtd><ClrSys><Prtry>ST2</Prtry></ClrSys></SttlmInf><InstgAgt><FinInstnId><BIC>BDFEFRP0</BIC></FinInstnId></InstgAgt></GrpHdr>
<CdtTrfTxInf><PmtId><InstrId>Suivi-ST2-SCTBDF-R08-Bulk11-OPE1</InstrId><EndToEndId>Suivi-ST2-SCTBDF-R08-Bulk11-OPE1</EndToEndId><TxId>REMISE-DISPACTHOK-OPE1</TxId></PmtId><PmtTpInf><SvcLvl><Cd>SEPA</Cd></SvcLvl></PmtTpInf><IntrBkSttlmAmt Ccy="EUR">30</IntrBkSttlmAmt><ChrgBr>SLEV</ChrgBr><UltmtDbtr><Nm>ABC Corporation</Nm><Id><OrgId><Othr><Id>12345</Id></Othr></OrgId></Id></UltmtDbtr><Dbtr><Nm>ABC Corporation</Nm><PstlAdr><Ctry>US</Ctry><AdrLine>Time Square Bldg 7</AdrLine><AdrLine>NY 10036 - New York</AdrLine></PstlAdr><Id><OrgId><Othr><Id>12345</Id></Othr></OrgId></Id></Dbtr><DbtrAcct><Id><IBAN>FR0240031000010000004329E34</IBAN></Id></DbtrAcct><DbtrAgt><FinInstnId><BIC>BDFEFRPPXXX</BIC></FinInstnId></DbtrAgt><CdtrAgt><FinInstnId><BIC>BELADEBEXXX</BIC></FinInstnId></CdtrAgt><Cdtr><Nm>GHI Semiconductors</Nm><PstlAdr><Ctry>US</Ctry><AdrLine>415 Avenue Brugmann</AdrLine><AdrLine>1180 Brussels</AdrLine></PstlAdr></Cdtr><CdtrAcct><Id><IBAN>FR7630004001850000101273039</IBAN></Id></CdtrAcct><UltmtCdtr><Nm>GHI Semiconductors</Nm><PstlAdr><Ctry>US</Ctry><AdrLine>415 Avenue Brugmann</AdrLine><AdrLine>1180 Brussels</AdrLine></PstlAdr></UltmtCdtr><Purp><Cd>GDDS</Cd></Purp><RmtInf><Ustrd>Max140Text Une seule occurrence "Unstructured" est autorisee</Ustrd></RmtInf></CdtTrfTxInf>
<CdtTrfTxInf><PmtId><InstrId>Suivi-ST2-SCTBDF-R08-Bulk11-OPE2</InstrId><EndToEndId>Suivi-ST2-SCTBDF-R08-Bulk11-OPE2</EndToEndId><TxId>REMISE-DISPACTHOK-OPE2</TxId></PmtId><PmtTpInf><SvcLvl><Cd>SEPA</Cd></SvcLvl></PmtTpInf><IntrBkSttlmAmt Ccy="EUR">30</IntrBkSttlmAmt><ChrgBr>SLEV</ChrgBr><UltmtDbtr><Nm>ABC Corporation</Nm><Id><OrgId><Othr><Id>12345</Id></Othr></OrgId></Id></UltmtDbtr><Dbtr><Nm>ABC Corporation</Nm><PstlAdr><Ctry>US</Ctry><AdrLine>Time Square Bldg 7</AdrLine><AdrLine>NY 10036 - New York</AdrLine></PstlAdr><Id><OrgId><Othr><Id>12345</Id></Othr></OrgId></Id></Dbtr><DbtrAcct><Id><IBAN>FR0240031000010000004329E34</IBAN></Id></DbtrAcct><DbtrAgt><FinInstnId><BIC>BDFEFRPPXXX</BIC></FinInstnId></DbtrAgt><CdtrAgt><FinInstnId><BIC>BELADEBEXXX</BIC></FinInstnId></CdtrAgt><Cdtr><Nm>GHI Semiconductors</Nm><PstlAdr><Ctry>US</Ctry><AdrLine>415 Avenue Brugmann</AdrLine><AdrLine>1180 Brussels</AdrLine></PstlAdr></Cdtr><CdtrAcct><Id><IBAN>FR7630004001850000101273039</IBAN></Id></CdtrAcct><UltmtCdtr><Nm>GHI Semiconductors</Nm><PstlAdr><Ctry>US</Ctry><AdrLine>415 Avenue Brugmann</AdrLine><AdrLine>1180 Brussels</AdrLine></PstlAdr></UltmtCdtr><Purp><Cd>GDDS</Cd></Purp><RmtInf><Ustrd>Max140Text Une seule occurrence "Unstructured" est autorisee</Ustrd></RmtInf></CdtTrfTxInf>
<CdtTrfTxInf><PmtId><InstrId>Suivi-ST2-SCTBDF-R08-Bulk11-OPE3</InstrId><EndToEndId>Suivi-ST2-SCTBDF-R08-Bulk11-OPE3</EndToEndId><TxId>REMISE-DISPACTHOK-OPE3</TxId></PmtId><PmtTpInf><SvcLvl><Cd>SEPA</Cd></SvcLvl></PmtTpInf><IntrBkSttlmAmt Ccy="EUR">30</IntrBkSttlmAmt><ChrgBr>SLEV</ChrgBr><UltmtDbtr><Nm>ABC Corporation</Nm><Id><OrgId><Othr><Id>12345</Id></Othr></OrgId></Id></UltmtDbtr><Dbtr><Nm>ABC Corporation</Nm><PstlAdr><Ctry>US</Ctry><AdrLine>Time Square Bldg 7</AdrLine><AdrLine>NY 10036 - New York</AdrLine></PstlAdr><Id><OrgId><Othr><Id>12345</Id></Othr></OrgId></Id></Dbtr><DbtrAcct><Id><IBAN>FR0240031000010000004329E34</IBAN></Id></DbtrAcct><DbtrAgt><FinInstnId><BIC>BDFEFRPPXXX</BIC></FinInstnId></DbtrAgt><CdtrAgt><FinInstnId><BIC>BELADEBEXXX</BIC></FinInstnId></CdtrAgt><Cdtr><Nm>GHI Semiconductors</Nm><PstlAdr><Ctry>US</Ctry><AdrLine>415 Avenue Brugmann</AdrLine><AdrLine>1180 Brussels</AdrLine></PstlAdr></Cdtr><CdtrAcct><Id><IBAN>FR7630004001850000101273039</IBAN></Id></CdtrAcct><UltmtCdtr><Nm>GHI Semiconductors</Nm><PstlAdr><Ctry>US</Ctry><AdrLine>415 Avenue Brugmann</AdrLine><AdrLine>1180 Brussels</AdrLine></PstlAdr></UltmtCdtr><Purp><Cd>GDDS</Cd></Purp><RmtInf><Ustrd>Max140Text Une seule occurrence "Unstructured" est autorisee</Ustrd></RmtInf></CdtTrfTxInf>
</S2SCTIcf:FIToFICstmrCdtTrf></S2SCTIcf:SCTIcfBlkCredTrf>