<?xml version="1.0" encoding="UTF-8"?><S2SCTIcf:SCTIcfBlkCredTrf xmlns:S2SCTIcf="urn:S2SCTIcf:xsd:$SCTIcfBlkCredTrf" xmlns:xsi="http://www.w3.org/2001/XMLSchema-instance" xsi:schemaLocation="urn:S2SCTIcf:xsd:$SCTIcfBlkCredTrf SCTIcfBlkCredTrf.xsd"><S2SCTIcf:SndgInst>BDFEFRP0</S2SCTIcf:SndgInst><S2SCTIcf:RcvgInst>EBAPFRP0XXX</S2SCTIcf:RcvgInst><S2SCTIcf:FileRef>201135034672142I</S2SCTIcf:FileRef><S2SCTIcf:SrvcId>SCT</S2SCTIcf:SrvcId><S2SCTIcf:TstCode>T</S2SCTIcf:TstCode><S2SCTIcf:FType>ICF</S2SCTIcf:FType><S2SCTIcf:FDtTm>2016-07-19T13:50:34</S2SCTIcf:FDtTm><S2SCTIcf:NumCTBlk>1</S2SCTIcf:NumCTBlk><S2SCTIcf:NumPCRBlk>0</S2SCTIcf:NumPCRBlk><S2SCTIcf:NumRFRBlk>0</S2SCTIcf:NumRFRBlk><S2SCTIcf:NumROIBlk>0</S2SCTIcf:NumROIBlk><S2SCTIcf:FIToFICstmrCdtTrf xmlns="urn:iso:std:iso:20022:tech:xsd:pacs.008.001.02"><GrpHdr><MsgId>2016071913503467324731</MsgId><CreDtTm>2016-07-19T13:50:34</CreDtTm><NbOfTxs>8</NbOfTxs><TtlIntrBkSttlmAmt Ccy="EUR">8</TtlIntrBkSttlmAmt><IntrBkSttlmDt>2016-04-01</IntrBkSttlmDt><SttlmInf><SttlmMtd>CLRG</SttlmMtd><ClrSys><Prtry>ST2</Prtry></ClrSys></SttlmInf><InstgAgt><FinInstnId><BIC>BDFEFRP0</BIC></FinInstnId></InstgAgt></GrpHdr>
<CdtTrfTxInf><PmtId><InstrId>IID-006-001-SCT-CDC-CORE-2016-03-03</InstrId><EndToEndId>XXX001</EndToEndId><TxId>TID-006-001-SCT-CDC-CORE-2016-03-03</TxId></PmtId><PmtTpInf><SvcLvl><Cd>SEPA</Cd></SvcLvl></PmtTpInf><IntrBkSttlmAmt Ccy="EUR">1.0</IntrBkSttlmAmt><ChrgBr>SLEV</ChrgBr><Dbtr><Nm>364</Nm><PstlAdr><Ctry>FR</Ctry><AdrLine>2981662269298166226964</AdrLine><AdrLine>2981662269298166226964</AdrLine></PstlAdr></Dbtr><DbtrAcct><Id><IBAN>FR29816622692981662269298166226926</IBAN></Id></DbtrAcct><DbtrAgt><FinInstnId><BIC>CDCGFRPPXXX</BIC></FinInstnId></DbtrAgt><CdtrAgt><FinInstnId><BIC>CCUTFR21XXX</BIC></FinInstnId></CdtrAgt><Cdtr><Nm>364</Nm><PstlAdr><Ctry>FR</Ctry><AdrLine>2981662269298166226964</AdrLine><AdrLine>2981662269298166226964</AdrLine></PstlAdr></Cdtr><CdtrAcct><Id><IBAN>FR29816622692981662269298166226926</IBAN></Id></CdtrAcct><RmtInf><Ustrd>xRANDOM2x</Ustrd><Ustrd>xRANDOM2x</Ustrd><Ustrd>xRANDOM2x</Ustrd><Ustrd>xRANDOM2x</Ustrd><Ustrd>xRANDOM2x</Ustrd><Ustrd>xRANDOM2x</Ustrd><Ustrd>xRANDOM2x</Ustrd><Ustrd>xRANDOM2x</Ustrd><Ustrd>xRANDOM2x</Ustrd><Ustrd>xRANDOM2x</Ustrd></RmtInf></CdtTrfTxInf>
<CdtTrfTxInf><PmtId><InstrId>IID-006-002-SCT-CDC-CORE-2016-03-03</InstrId><EndToEndId>XXX002</EndToEndId><TxId>TID-006-002-SCT-CDC-CORE-2016-03-03</TxId></PmtId><PmtTpInf><SvcLvl><Cd>SEPA</Cd></SvcLvl></PmtTpInf><IntrBkSttlmAmt Ccy="EUR">2.0</IntrBkSttlmAmt><ChrgBr>SLEV</ChrgBr><Dbtr><Nm>364</Nm><PstlAdr><Ctry>FR</Ctry><AdrLine>2981662269298166226964</AdrLine><AdrLine>2981662269298166226964</AdrLine></PstlAdr></Dbtr><DbtrAcct><Id><IBAN>FR29816622692981662269298166226927</IBAN></Id></DbtrAcct><DbtrAgt><FinInstnId><BIC>CDCGFRPPXXX</BIC></FinInstnId></DbtrAgt><CdtrAgt><FinInstnId><BIC>CCUTFR21XXX</BIC></FinInstnId></CdtrAgt><Cdtr><Nm>364</Nm><PstlAdr><Ctry>FR</Ctry><AdrLine>2981662269298166226964</AdrLine><AdrLine>2981662269298166226964</AdrLine></PstlAdr></Cdtr><CdtrAcct><Id><IBAN>FR29816622692981662269298166226926</IBAN></Id></CdtrAcct><RmtInf><Ustrd>xRANDOM2x</Ustrd><Ustrd>xRANDOM2x</Ustrd><Ustrd>xRANDOM2x</Ustrd><Ustrd>xRANDOM2x</Ustrd><Ustrd>xRANDOM2x</Ustrd><Ustrd>xRANDOM2x</Ustrd><Ustrd>xRANDOM2x</Ustrd><Ustrd>xRANDOM2x</Ustrd><Ustrd>xRANDOM2x</Ustrd><Ustrd>xRANDOM2x</Ustrd></RmtInf></CdtTrfTxInf>
<CdtTrfTxInf><PmtId><InstrId>IID-006-003-SCT-CDC-CORE-2016-03-03</InstrId><EndToEndId>XXX003</EndToEndId><TxId>TID-006-003-SCT-CDC-CORE-2016-03-03</TxId></PmtId><PmtTpInf><SvcLvl><Cd>SEPA</Cd></SvcLvl></PmtTpInf><IntrBkSttlmAmt Ccy="EUR">3.0</IntrBkSttlmAmt><ChrgBr>SLEV</ChrgBr><Dbtr><Nm>364</Nm><PstlAdr><Ctry>FR</Ctry><AdrLine>2981662269298166226964</AdrLine><AdrLine>2981662269298166226964</AdrLine></PstlAdr></Dbtr><DbtrAcct><Id><IBAN>FR29816622692981662269298166226928</IBAN></Id></DbtrAcct><DbtrAgt><FinInstnId><BIC>CDCGFRPPXXX</BIC></FinInstnId></DbtrAgt><CdtrAgt><FinInstnId><BIC>CCUTFR21XXX</BIC></FinInstnId></CdtrAgt><Cdtr><Nm>364</Nm><PstlAdr><Ctry>FR</Ctry><AdrLine>2981662269298166226964</AdrLine><AdrLine>2981662269298166226964</AdrLine></PstlAdr></Cdtr><CdtrAcct><Id><IBAN>FR29816622692981662269298166226926</IBAN></Id></CdtrAcct><RmtInf><Ustrd>xRANDOM2x</Ustrd><Ustrd>xRANDOM2x</Ustrd><Ustrd>xRANDOM2x</Ustrd><Ustrd>xRANDOM2x</Ustrd><Ustrd>xRANDOM2x</Ustrd><Ustrd>xRANDOM2x</Ustrd><Ustrd>xRANDOM2x</Ustrd><Ustrd>xRANDOM2x</Ustrd><Ustrd>xRANDOM2x</Ustrd><Ustrd>xRANDOM2x</Ustrd></RmtInf></CdtTrfTxInf>
<CdtTrfTxInf><PmtId><InstrId>IID-006-004-SCT-CDC-CORE-2016-03-03</InstrId><EndToEndId>XXX004</EndToEndId><TxId>TID-006-004-SCT-CDC-CORE-2016-03-03</TxId></PmtId><PmtTpInf><SvcLvl><Cd>SEPA</Cd></SvcLvl></PmtTpInf><IntrBkSttlmAmt Ccy="EUR">4.0</IntrBkSttlmAmt><ChrgBr>SLEV</ChrgBr><Dbtr><Nm>364</Nm><PstlAdr><Ctry>FR</Ctry><AdrLine>2981662269298166226964</AdrLine><AdrLine>2981662269298166226964</AdrLine></PstlAdr></Dbtr><DbtrAcct><Id><IBAN>FR29816622692981662269298166226929</IBAN></Id></DbtrAcct><DbtrAgt><FinInstnId><BIC>CDCGFRPPXXX</BIC></FinInstnId></DbtrAgt><CdtrAgt><FinInstnId><BIC>CCUTFR21XXX</BIC></FinInstnId></CdtrAgt><Cdtr><Nm>364</Nm><PstlAdr><Ctry>FR</Ctry><AdrLine>2981662269298166226964</AdrLine><AdrLine>2981662269298166226964</AdrLine></PstlAdr></Cdtr><CdtrAcct><Id><IBAN>FR29816622692981662269298166226926</IBAN></Id></CdtrAcct><RmtInf><Ustrd>xRANDOM2x</Ustrd><Ustrd>xRANDOM2x</Ustrd><Ustrd>xRANDOM2x</Ustrd><Ustrd>xRANDOM2x</Ustrd><Ustrd>xRANDOM2x</Ustrd><Ustrd>xRANDOM2x</Ustrd><Ustrd>xRANDOM2x</Ustrd><Ustrd>xRANDOM2x</Ustrd><Ustrd>xRANDOM2x</Ustrd><Ustrd>xRANDOM2x</Ustrd></RmtInf></CdtTrfTxInf>
<CdtTrfTxInf><PmtId><InstrId>IID-006-005-SCT-CDC-CORE-2016-03-03</InstrId><EndToEndId>XXX005</EndToEndId><TxId>TID-006-005-SCT-CDC-CORE-2016-03-03</TxId></PmtId><PmtTpInf><SvcLvl><Cd>SEPA</Cd></SvcLvl></PmtTpInf><IntrBkSttlmAmt Ccy="EUR">5.0</IntrBkSttlmAmt><ChrgBr>SLEV</ChrgBr><Dbtr><Nm>364</Nm><PstlAdr><Ctry>FR</Ctry><AdrLine>2981662269298166226964</AdrLine><AdrLine>2981662269298166226964</AdrLine></PstlAdr></Dbtr><DbtrAcct><Id><IBAN>FR29816622692981662269298166226920</IBAN></Id></DbtrAcct><DbtrAgt><FinInstnId><BIC>CDCGFRPPXXX</BIC></FinInstnId></DbtrAgt><CdtrAgt><FinInstnId><BIC>CCUTFR21XXX</BIC></FinInstnId></CdtrAgt><Cdtr><Nm>364</Nm><PstlAdr><Ctry>FR</Ctry><AdrLine>2981662269298166226964</AdrLine><AdrLine>2981662269298166226964</AdrLine></PstlAdr></Cdtr><CdtrAcct><Id><IBAN>FR29816622692981662269298166226926</IBAN></Id></CdtrAcct><RmtInf><Ustrd>xRANDOM2x</Ustrd><Ustrd>xRANDOM2x</Ustrd><Ustrd>xRANDOM2x</Ustrd><Ustrd>xRANDOM2x</Ustrd><Ustrd>xRANDOM2x</Ustrd><Ustrd>xRANDOM2x</Ustrd><Ustrd>xRANDOM2x</Ustrd><Ustrd>xRANDOM2x</Ustrd><Ustrd>xRANDOM2x</Ustrd><Ustrd>xRANDOM2x</Ustrd></RmtInf></CdtTrfTxInf>
<CdtTrfTxInf><PmtId><InstrId>IID-006-006-SCT-CDC-CORE-2016-03-03</InstrId><EndToEndId>XXX006</EndToEndId><TxId>TID-006-006-SCT-CDC-CORE-2016-03-03</TxId></PmtId><PmtTpInf><SvcLvl><Cd>SEPA</Cd></SvcLvl></PmtTpInf><IntrBkSttlmAmt Ccy="EUR">6.0</IntrBkSttlmAmt><ChrgBr>SLEV</ChrgBr><Dbtr><Nm>364</Nm><PstlAdr><Ctry>FR</Ctry><AdrLine>2981662269298166226964</AdrLine><AdrLine>2981662269298166226964</AdrLine></PstlAdr></Dbtr><DbtrAcct><Id><IBAN>FR29816622692981662269298166226921</IBAN></Id></DbtrAcct><DbtrAgt><FinInstnId><BIC>CDCGFRPPXXX</BIC></FinInstnId></DbtrAgt><CdtrAgt><FinInstnId><BIC>CCUTFR21XXX</BIC></FinInstnId></CdtrAgt><Cdtr><Nm>364</Nm><PstlAdr><Ctry>FR</Ctry><AdrLine>2981662269298166226964</AdrLine><AdrLine>2981662269298166226964</AdrLine></PstlAdr></Cdtr><CdtrAcct><Id><IBAN>FR29816622692981662269298166226926</IBAN></Id></CdtrAcct><RmtInf><Ustrd>xRANDOM2x</Ustrd><Ustrd>xRANDOM2x</Ustrd><Ustrd>xRANDOM2x</Ustrd><Ustrd>xRANDOM2x</Ustrd><Ustrd>xRANDOM2x</Ustrd><Ustrd>xRANDOM2x</Ustrd><Ustrd>xRANDOM2x</Ustrd><Ustrd>xRANDOM2x</Ustrd><Ustrd>xRANDOM2x</Ustrd><Ustrd>xRANDOM2x</Ustrd></RmtInf></CdtTrfTxInf>
<CdtTrfTxInf><PmtId><InstrId>IID-006-007-SCT-CDC-CORE-2016-03-03</InstrId><EndToEndId>XXX007</EndToEndId><TxId>TID-006-007-SCT-CDC-CORE-2016-03-03</TxId></PmtId><PmtTpInf><SvcLvl><Cd>SEPA</Cd></SvcLvl></PmtTpInf><IntrBkSttlmAmt Ccy="EUR">7.0</IntrBkSttlmAmt><ChrgBr>SLEV</ChrgBr><Dbtr><Nm>364</Nm><PstlAdr><Ctry>FR</Ctry><AdrLine>2981662269298166226964</AdrLine><AdrLine>2981662269298166226964</AdrLine></PstlAdr></Dbtr><DbtrAcct><Id><IBAN>FR29816622692981662269298166226922</IBAN></Id></DbtrAcct><DbtrAgt><FinInstnId><BIC>CDCGFRPPXXX</BIC></FinInstnId></DbtrAgt><CdtrAgt><FinInstnId><BIC>CCUTFR21XXX</BIC></FinInstnId></CdtrAgt><Cdtr><Nm>364</Nm><PstlAdr><Ctry>FR</Ctry><AdrLine>2981662269298166226964</AdrLine><AdrLine>2981662269298166226964</AdrLine></PstlAdr></Cdtr><CdtrAcct><Id><IBAN>FR29816622692981662269298166226926</IBAN></Id></CdtrAcct><RmtInf><Ustrd>xRANDOM2x</Ustrd><Ustrd>xRANDOM2x</Ustrd><Ustrd>xRANDOM2x</Ustrd><Ustrd>xRANDOM2x</Ustrd><Ustrd>xRANDOM2x</Ustrd><Ustrd>xRANDOM2x</Ustrd><Ustrd>xRANDOM2x</Ustrd><Ustrd>xRANDOM2x</Ustrd><Ustrd>xRANDOM2x</Ustrd><Ustrd>xRANDOM2x</Ustrd></RmtInf></CdtTrfTxInf>
<CdtTrfTxInf><PmtId><InstrId>IID-006-008-SCT-CDC-CORE-2016-03-03</InstrId><EndToEndId>XXX008</EndToEndId><TxId>TID-006-008-SCT-CDC-CORE-2016-03-03</TxId></PmtId><PmtTpInf><SvcLvl><Cd>SEPA</Cd></SvcLvl></PmtTpInf><IntrBkSttlmAmt Ccy="EUR">8.0</IntrBkSttlmAmt><ChrgBr>SLEV</ChrgBr><Dbtr><Nm>364</Nm><PstlAdr><Ctry>FR</Ctry><AdrLine>2981662269298166226964</AdrLine><AdrLine>2981662269298166226964</AdrLine></PstlAdr></Dbtr><DbtrAcct><Id><IBAN>FR29816622692981662269298166226923</IBAN></Id></DbtrAcct><DbtrAgt><FinInstnId><BIC>CDCGFRPPXXX</BIC></FinInstnId></DbtrAgt><CdtrAgt><FinInstnId><BIC>CCUTFR21XXX</BIC></FinInstnId></CdtrAgt><Cdtr><Nm>364</Nm><PstlAdr><Ctry>FR</Ctry><AdrLine>2981662269298166226964</AdrLine><AdrLine>2981662269298166226964</AdrLine></PstlAdr></Cdtr><CdtrAcct><Id><IBAN>FR29816622692981662269298166226926</IBAN></Id></CdtrAcct><RmtInf><Ustrd>xRANDOM2x</Ustrd><Ustrd>xRANDOM2x</Ustrd><Ustrd>xRANDOM2x</Ustrd><Ustrd>xRANDOM2x</Ustrd><Ustrd>xRANDOM2x</Ustrd><Ustrd>xRANDOM2x</Ustrd><Ustrd>xRANDOM2x</Ustrd><Ustrd>xRANDOM2x</Ustrd><Ustrd>xRANDOM2x</Ustrd><Ustrd>xRANDOM2x</Ustrd></RmtInf></CdtTrfTxInf>
</S2SCTIcf:FIToFICstmrCdtTrf></S2SCTIcf:SCTIcfBlkCredTrf>
