<?xml version="1.0" encoding="UTF-8"?><S2SCTIcf:SCTIcfBlkCredTrf xmlns:S2SCTIcf="urn:S2SCTIcf:xsd:$SCTIcfBlkCredTrf" xmlns:xsi="http://www.w3.org/2001/XMLSchema-instance" xsi:schemaLocation="urn:S2SCTIcf:xsd:$SCTIcfBlkCredTrf SCTIcfBlkCredTrf.xsd"><S2SCTIcf:SndgInst>CCBPFRP0</S2SCTIcf:SndgInst><S2SCTIcf:RcvgInst>EBAPFRP0XXX</S2SCTIcf:RcvgInst><S2SCTIcf:FileRef>230145727901674I</S2SCTIcf:FileRef><S2SCTIcf:SrvcId>SCT</S2SCTIcf:SrvcId><S2SCTIcf:TstCode>T</S2SCTIcf:TstCode><S2SCTIcf:FType>ICF</S2SCTIcf:FType><S2SCTIcf:FDtTm>2016-08-17T14:57:27</S2SCTIcf:FDtTm><S2SCTIcf:NumCTBlk>1</S2SCTIcf:NumCTBlk><S2SCTIcf:NumPCRBlk>0</S2SCTIcf:NumPCRBlk><S2SCTIcf:NumRFRBlk>0</S2SCTIcf:NumRFRBlk><S2SCTIcf:NumROIBlk>0</S2SCTIcf:NumROIBlk><S2SCTIcf:FIToFICstmrCdtTrf xmlns="urn:iso:std:iso:20022:tech:xsd:pacs.008.001.02"><GrpHdr><MsgId>2016081714572790142616</MsgId><CreDtTm>2016-08-17T14:57:27</CreDtTm><NbOfTxs>16</NbOfTxs><TtlIntrBkSttlmAmt Ccy="EUR">16280.16</TtlIntrBkSttlmAmt><IntrBkSttlmDt>2016-04-04</IntrBkSttlmDt><SttlmInf><SttlmMtd>CLRG</SttlmMtd><ClrSys><Prtry>ST2</Prtry></ClrSys></SttlmInf><InstgAgt><FinInstnId><BIC>CCBPFRP0</BIC></FinInstnId></InstgAgt></GrpHdr>
<CdtTrfTxInf><PmtId><InstrId>SCN-ROUT15-SCT-BDF-16053117024-01</InstrId><EndToEndId>SCN-ROUT15-SCT-BDF-16053117024-01</EndToEndId><TxId>SCN-ROUT15-SCT-BDF-16053117024-01</TxId></PmtId><PmtTpInf><SvcLvl><Cd>SEPA</Cd></SvcLvl></PmtTpInf><IntrBkSttlmAmt Ccy="EUR">1010.01</IntrBkSttlmAmt><ChrgBr>SLEV</ChrgBr><UltmtDbtr><Nm>ABC Corporation</Nm><Id><OrgId><Othr><Id>12345</Id></Othr></OrgId></Id></UltmtDbtr><Dbtr><Nm>ABC Corporation</Nm><PstlAdr><Ctry>US</Ctry><AdrLine>Time Square Bldg 7</AdrLine><AdrLine>NY 10036 - New York</AdrLine></PstlAdr><Id><OrgId><Othr><Id>12345</Id></Othr></OrgId></Id></Dbtr><DbtrAcct><Id><IBAN>FR0240031000010000004329E34</IBAN></Id></DbtrAcct><DbtrAgt><FinInstnId><BIC>IDDOFRP1XXX</BIC></FinInstnId></DbtrAgt><CdtrAgt><FinInstnId><BIC>CCOPFRPPXXX</BIC></FinInstnId></CdtrAgt><Cdtr><Nm>GHI Semiconductors</Nm><PstlAdr><Ctry>US</Ctry><AdrLine>415 Avenue Brugmann</AdrLine><AdrLine>1180 Brussels</AdrLine></PstlAdr></Cdtr><CdtrAcct><Id><IBAN>FR7630004001850000101273039</IBAN></Id></CdtrAcct><UltmtCdtr><Nm>GHI Semiconductors</Nm><PstlAdr><Ctry>US</Ctry><AdrLine>415 Avenue Brugmann</AdrLine><AdrLine>1180 Brussels</AdrLine></PstlAdr></UltmtCdtr><Purp><Cd>GDDS</Cd></Purp><RmtInf><Ustrd>Max140Text Une seule occurrence "Unstructured" est autorisee</Ustrd></RmtInf></CdtTrfTxInf>
<CdtTrfTxInf><PmtId><InstrId>SCN-ROUT15-SCT-BDF-16053117024-02</InstrId><EndToEndId>SCN-ROUT15-SCT-BDF-16053117024-02</EndToEndId><TxId>SCN-ROUT15-SCT-BDF-16053117024-02</TxId></PmtId><PmtTpInf><SvcLvl><Cd>SEPA</Cd></SvcLvl></PmtTpInf><IntrBkSttlmAmt Ccy="EUR">1011.01</IntrBkSttlmAmt><ChrgBr>SLEV</ChrgBr><UltmtDbtr><Nm>ABC Corporation</Nm><Id><OrgId><Othr><Id>12345</Id></Othr></OrgId></Id></UltmtDbtr><Dbtr><Nm>ABC Corporation</Nm><PstlAdr><Ctry>US</Ctry><AdrLine>Time Square Bldg 7</AdrLine><AdrLine>NY 10036 - New York</AdrLine></PstlAdr><Id><OrgId><Othr><Id>12345</Id></Othr></OrgId></Id></Dbtr><DbtrAcct><Id><IBAN>FR0240031000010000004329E34</IBAN></Id></DbtrAcct><DbtrAgt><FinInstnId><BIC>BDFEFRPPXXX</BIC></FinInstnId></DbtrAgt><CdtrAgt><FinInstnId><BIC>DANBDK22XXX</BIC></FinInstnId></CdtrAgt><Cdtr><Nm>GHI Semiconductors</Nm><PstlAdr><Ctry>US</Ctry><AdrLine>415 Avenue Brugmann</AdrLine><AdrLine>1180 Brussels</AdrLine></PstlAdr></Cdtr><CdtrAcct><Id><IBAN>FR7630004001850000101273039</IBAN></Id></CdtrAcct><UltmtCdtr><Nm>GHI Semiconductors</Nm><PstlAdr><Ctry>US</Ctry><AdrLine>415 Avenue Brugmann</AdrLine><AdrLine>1180 Brussels</AdrLine></PstlAdr></UltmtCdtr><Purp><Cd>GDDS</Cd></Purp><RmtInf><Ustrd>Max140Text Une seule occurrence "Unstructured" est autorisee</Ustrd></RmtInf></CdtTrfTxInf>
<CdtTrfTxInf><PmtId><InstrId>SCN-ROUT15-SCT-BDF-16053117024-03</InstrId><EndToEndId>SCN-ROUT15-SCT-BDF-16053117024-03</EndToEndId><TxId>SCN-ROUT15-SCT-BDF-16053117024-03</TxId></PmtId><PmtTpInf><SvcLvl><Cd>SEPA</Cd></SvcLvl></PmtTpInf><IntrBkSttlmAmt Ccy="EUR">1012.01</IntrBkSttlmAmt><ChrgBr>SLEV</ChrgBr><UltmtDbtr><Nm>ABC Corporation</Nm><Id><OrgId><Othr><Id>12345</Id></Othr></OrgId></Id></UltmtDbtr><Dbtr><Nm>ABC Corporation</Nm><PstlAdr><Ctry>US</Ctry><AdrLine>Time Square Bldg 7</AdrLine><AdrLine>NY 10036 - New York</AdrLine></PstlAdr><Id><OrgId><Othr><Id>12345</Id></Othr></OrgId></Id></Dbtr><DbtrAcct><Id><IBAN>FR0240031000010000004329E34</IBAN></Id></DbtrAcct><DbtrAgt><FinInstnId><BIC>BDFEFRPPCCT</BIC></FinInstnId></DbtrAgt><CdtrAgt><FinInstnId><BIC>AARBDE5WXXX</BIC></FinInstnId></CdtrAgt><Cdtr><Nm>GHI Semiconductors</Nm><PstlAdr><Ctry>US</Ctry><AdrLine>415 Avenue Brugmann</AdrLine><AdrLine>1180 Brussels</AdrLine></PstlAdr></Cdtr><CdtrAcct><Id><IBAN>FR7630004001850000101273039</IBAN></Id></CdtrAcct><UltmtCdtr><Nm>GHI Semiconductors</Nm><PstlAdr><Ctry>US</Ctry><AdrLine>415 Avenue Brugmann</AdrLine><AdrLine>1180 Brussels</AdrLine></PstlAdr></UltmtCdtr><Purp><Cd>GDDS</Cd></Purp><RmtInf><Ustrd>Max140Text Une seule occurrence "Unstructured" est autorisee</Ustrd></RmtInf></CdtTrfTxInf>
<CdtTrfTxInf><PmtId><InstrId>SCN-ROUT15-SCT-BDF-16053117024-04</InstrId><EndToEndId>SCN-ROUT15-SCT-BDF-16053117024-04</EndToEndId><TxId>SCN-ROUT15-SCT-BDF-16053117024-04</TxId></PmtId><PmtTpInf><SvcLvl><Cd>SEPA</Cd></SvcLvl></PmtTpInf><IntrBkSttlmAmt Ccy="EUR">1013.01</IntrBkSttlmAmt><ChrgBr>SLEV</ChrgBr><UltmtDbtr><Nm>ABC Corporation</Nm><Id><OrgId><Othr><Id>12345</Id></Othr></OrgId></Id></UltmtDbtr><Dbtr><Nm>ABC Corporation</Nm><PstlAdr><Ctry>US</Ctry><AdrLine>Time Square Bldg 7</AdrLine><AdrLine>NY 10036 - New York</AdrLine></PstlAdr><Id><OrgId><Othr><Id>12345</Id></Othr></OrgId></Id></Dbtr><DbtrAcct><Id><IBAN>FR0240031000010000004329E34</IBAN></Id></DbtrAcct><DbtrAgt><FinInstnId><BIC>BDFEFRPPCCT</BIC></FinInstnId></DbtrAgt><CdtrAgt><FinInstnId><BIC>GENODES1XXX</BIC></FinInstnId></CdtrAgt><Cdtr><Nm>GHI Semiconductors</Nm><PstlAdr><Ctry>US</Ctry><AdrLine>415 Avenue Brugmann</AdrLine><AdrLine>1180 Brussels</AdrLine></PstlAdr></Cdtr><CdtrAcct><Id><IBAN>FR7630004001850000101273039</IBAN></Id></CdtrAcct><UltmtCdtr><Nm>GHI Semiconductors</Nm><PstlAdr><Ctry>US</Ctry><AdrLine>415 Avenue Brugmann</AdrLine><AdrLine>1180 Brussels</AdrLine></PstlAdr></UltmtCdtr><Purp><Cd>GDDS</Cd></Purp><RmtInf><Ustrd>Max140Text Une seule occurrence "Unstructured" est autorisee</Ustrd></RmtInf></CdtTrfTxInf>
<CdtTrfTxInf><PmtId><InstrId>SCN-ROUT15-SCT-BDF-16053117024-05</InstrId><EndToEndId>SCN-ROUT15-SCT-BDF-16053117024-05</EndToEndId><TxId>SCN-ROUT15-SCT-BDF-16053117024-05</TxId></PmtId><PmtTpInf><SvcLvl><Cd>SEPA</Cd></SvcLvl></PmtTpInf><IntrBkSttlmAmt Ccy="EUR">1014.01</IntrBkSttlmAmt><ChrgBr>SLEV</ChrgBr><UltmtDbtr><Nm>ABC Corporation</Nm><Id><OrgId><Othr><Id>12345</Id></Othr></OrgId></Id></UltmtDbtr><Dbtr><Nm>ABC Corporation</Nm><PstlAdr><Ctry>US</Ctry><AdrLine>Time Square Bldg 7</AdrLine><AdrLine>NY 10036 - New York</AdrLine></PstlAdr><Id><OrgId><Othr><Id>12345</Id></Othr></OrgId></Id></Dbtr><DbtrAcct><Id><IBAN>FR0240031000010000004329E34</IBAN></Id></DbtrAcct><DbtrAgt><FinInstnId><BIC>BDFEFRPPXXX</BIC></FinInstnId></DbtrAgt><CdtrAgt><FinInstnId><BIC>BCIBFRP1XXX</BIC></FinInstnId></CdtrAgt><Cdtr><Nm>GHI Semiconductors</Nm><PstlAdr><Ctry>US</Ctry><AdrLine>415 Avenue Brugmann</AdrLine><AdrLine>1180 Brussels</AdrLine></PstlAdr></Cdtr><CdtrAcct><Id><IBAN>FR7630004001850000101273039</IBAN></Id></CdtrAcct><UltmtCdtr><Nm>GHI Semiconductors</Nm><PstlAdr><Ctry>US</Ctry><AdrLine>415 Avenue Brugmann</AdrLine><AdrLine>1180 Brussels</AdrLine></PstlAdr></UltmtCdtr><Purp><Cd>GDDS</Cd></Purp><RmtInf><Ustrd>Max140Text Une seule occurrence "Unstructured" est autorisee</Ustrd></RmtInf></CdtTrfTxInf>
<CdtTrfTxInf><PmtId><InstrId>SCN-ROUT15-SCT-BDF-16053117024-06</InstrId><EndToEndId>SCN-ROUT15-SCT-BDF-16053117024-06</EndToEndId><TxId>SCN-ROUT15-SCT-BDF-16053117024-06</TxId></PmtId><PmtTpInf><SvcLvl><Cd>SEPA</Cd></SvcLvl></PmtTpInf><IntrBkSttlmAmt Ccy="EUR">1015.01</IntrBkSttlmAmt><ChrgBr>SLEV</ChrgBr><UltmtDbtr><Nm>ABC Corporation</Nm><Id><OrgId><Othr><Id>12345</Id></Othr></OrgId></Id></UltmtDbtr><Dbtr><Nm>ABC Corporation</Nm><PstlAdr><Ctry>US</Ctry><AdrLine>Time Square Bldg 7</AdrLine><AdrLine>NY 10036 - New York</AdrLine></PstlAdr><Id><OrgId><Othr><Id>12345</Id></Othr></OrgId></Id></Dbtr><DbtrAcct><Id><IBAN>FR0240031000010000004329E34</IBAN></Id></DbtrAcct><DbtrAgt><FinInstnId><BIC>BDFEFRPPXXX</BIC></FinInstnId></DbtrAgt><CdtrAgt><FinInstnId><BIC>BREUFR22XXX</BIC></FinInstnId></CdtrAgt><Cdtr><Nm>GHI Semiconductors</Nm><PstlAdr><Ctry>US</Ctry><AdrLine>415 Avenue Brugmann</AdrLine><AdrLine>1180 Brussels</AdrLine></PstlAdr></Cdtr><CdtrAcct><Id><IBAN>FR7630004001850000101273039</IBAN></Id></CdtrAcct><UltmtCdtr><Nm>GHI Semiconductors</Nm><PstlAdr><Ctry>US</Ctry><AdrLine>415 Avenue Brugmann</AdrLine><AdrLine>1180 Brussels</AdrLine></PstlAdr></UltmtCdtr><Purp><Cd>GDDS</Cd></Purp><RmtInf><Ustrd>Max140Text Une seule occurrence "Unstructured" est autorisee</Ustrd></RmtInf></CdtTrfTxInf>
<CdtTrfTxInf><PmtId><InstrId>SCN-ROUT15-SCT-BDF-16053117024-07</InstrId><EndToEndId>SCN-ROUT15-SCT-BDF-16053117024-07</EndToEndId><TxId>SCN-ROUT15-SCT-BDF-16053117024-07</TxId></PmtId><PmtTpInf><SvcLvl><Cd>SEPA</Cd></SvcLvl></PmtTpInf><IntrBkSttlmAmt Ccy="EUR">1016.01</IntrBkSttlmAmt><ChrgBr>SLEV</ChrgBr><UltmtDbtr><Nm>ABC Corporation</Nm><Id><OrgId><Othr><Id>12345</Id></Othr></OrgId></Id></UltmtDbtr><Dbtr><Nm>ABC Corporation</Nm><PstlAdr><Ctry>US</Ctry><AdrLine>Time Square Bldg 7</AdrLine><AdrLine>NY 10036 - New York</AdrLine></PstlAdr><Id><OrgId><Othr><Id>12345</Id></Othr></OrgId></Id></Dbtr><DbtrAcct><Id><IBAN>FR0240031000010000004329E34</IBAN></Id></DbtrAcct><DbtrAgt><FinInstnId><BIC>BDFEFRPPCCT</BIC></FinInstnId></DbtrAgt><CdtrAgt><FinInstnId><BIC>AGFBFRCCXXX</BIC></FinInstnId></CdtrAgt><Cdtr><Nm>GHI Semiconductors</Nm><PstlAdr><Ctry>US</Ctry><AdrLine>415 Avenue Brugmann</AdrLine><AdrLine>1180 Brussels</AdrLine></PstlAdr></Cdtr><CdtrAcct><Id><IBAN>FR7630004001850000101273039</IBAN></Id></CdtrAcct><UltmtCdtr><Nm>GHI Semiconductors</Nm><PstlAdr><Ctry>US</Ctry><AdrLine>415 Avenue Brugmann</AdrLine><AdrLine>1180 Brussels</AdrLine></PstlAdr></UltmtCdtr><Purp><Cd>GDDS</Cd></Purp><RmtInf><Ustrd>Max140Text Une seule occurrence "Unstructured" est autorisee</Ustrd></RmtInf></CdtTrfTxInf>
<CdtTrfTxInf><PmtId><InstrId>SCN-ROUT15-SCT-BDF-16053117024-08</InstrId><EndToEndId>SCN-ROUT15-SCT-BDF-16053117024-08</EndToEndId><TxId>SCN-ROUT15-SCT-BDF-16053117024-08</TxId></PmtId><PmtTpInf><SvcLvl><Cd>SEPA</Cd></SvcLvl></PmtTpInf><IntrBkSttlmAmt Ccy="EUR">1017.01</IntrBkSttlmAmt><ChrgBr>SLEV</ChrgBr><UltmtDbtr><Nm>ABC Corporation</Nm><Id><OrgId><Othr><Id>12345</Id></Othr></OrgId></Id></UltmtDbtr><Dbtr><Nm>ABC Corporation</Nm><PstlAdr><Ctry>US</Ctry><AdrLine>Time Square Bldg 7</AdrLine><AdrLine>NY 10036 - New York</AdrLine></PstlAdr><Id><OrgId><Othr><Id>12345</Id></Othr></OrgId></Id></Dbtr><DbtrAcct><Id><IBAN>FR0240031000010000004329E34</IBAN></Id></DbtrAcct><DbtrAgt><FinInstnId><BIC>CPMEFRPPXXX</BIC></FinInstnId></DbtrAgt><CdtrAgt><FinInstnId><BIC>LAZPFRPPXXX</BIC></FinInstnId></CdtrAgt><Cdtr><Nm>GHI Semiconductors</Nm><PstlAdr><Ctry>US</Ctry><AdrLine>415 Avenue Brugmann</AdrLine><AdrLine>1180 Brussels</AdrLine></PstlAdr></Cdtr><CdtrAcct><Id><IBAN>FR7630004001850000101273039</IBAN></Id></CdtrAcct><UltmtCdtr><Nm>GHI Semiconductors</Nm><PstlAdr><Ctry>US</Ctry><AdrLine>415 Avenue Brugmann</AdrLine><AdrLine>1180 Brussels</AdrLine></PstlAdr></UltmtCdtr><Purp><Cd>GDDS</Cd></Purp><RmtInf><Ustrd>Max140Text Une seule occurrence "Unstructured" est autorisee</Ustrd></RmtInf></CdtTrfTxInf>
<CdtTrfTxInf><PmtId><InstrId>SCN-ROUT15-SCT-BDF-16053117024-09</InstrId><EndToEndId>SCN-ROUT15-SCT-BDF-16053117024-09</EndToEndId><TxId>SCN-ROUT15-SCT-BDF-16053117024-09</TxId></PmtId><PmtTpInf><SvcLvl><Cd>SEPA</Cd></SvcLvl></PmtTpInf><IntrBkSttlmAmt Ccy="EUR">1018.01</IntrBkSttlmAmt><ChrgBr>SLEV</ChrgBr><UltmtDbtr><Nm>ABC Corporation</Nm><Id><OrgId><Othr><Id>12345</Id></Othr></OrgId></Id></UltmtDbtr><Dbtr><Nm>ABC Corporation</Nm><PstlAdr><Ctry>US</Ctry><AdrLine>Time Square Bldg 7</AdrLine><AdrLine>NY 10036 - New York</AdrLine></PstlAdr><Id><OrgId><Othr><Id>12345</Id></Othr></OrgId></Id></Dbtr><DbtrAcct><Id><IBAN>FR0240031000010000004329E34</IBAN></Id></DbtrAcct><DbtrAgt><FinInstnId><BIC>BDFEFRPPCCT</BIC></FinInstnId></DbtrAgt><CdtrAgt><FinInstnId><BIC>MHCBFRPPXXX</BIC></FinInstnId></CdtrAgt><Cdtr><Nm>GHI Semiconductors</Nm><PstlAdr><Ctry>US</Ctry><AdrLine>415 Avenue Brugmann</AdrLine><AdrLine>1180 Brussels</AdrLine></PstlAdr></Cdtr><CdtrAcct><Id><IBAN>FR7630004001850000101273039</IBAN></Id></CdtrAcct><UltmtCdtr><Nm>GHI Semiconductors</Nm><PstlAdr><Ctry>US</Ctry><AdrLine>415 Avenue Brugmann</AdrLine><AdrLine>1180 Brussels</AdrLine></PstlAdr></UltmtCdtr><Purp><Cd>GDDS</Cd></Purp><RmtInf><Ustrd>Max140Text Une seule occurrence "Unstructured" est autorisee</Ustrd></RmtInf></CdtTrfTxInf>
<CdtTrfTxInf><PmtId><InstrId>SCN-ROUT15-SCT-BDF-16053117024-10</InstrId><EndToEndId>SCN-ROUT15-SCT-BDF-16053117024-10</EndToEndId><TxId>SCN-ROUT15-SCT-BDF-16053117024-10</TxId></PmtId><PmtTpInf><SvcLvl><Cd>SEPA</Cd></SvcLvl></PmtTpInf><IntrBkSttlmAmt Ccy="EUR">1019.01</IntrBkSttlmAmt><ChrgBr>SLEV</ChrgBr><UltmtDbtr><Nm>ABC Corporation</Nm><Id><OrgId><Othr><Id>12345</Id></Othr></OrgId></Id></UltmtDbtr><Dbtr><Nm>ABC Corporation</Nm><PstlAdr><Ctry>US</Ctry><AdrLine>Time Square Bldg 7</AdrLine><AdrLine>NY 10036 - New York</AdrLine></PstlAdr><Id><OrgId><Othr><Id>12345</Id></Othr></OrgId></Id></Dbtr><DbtrAcct><Id><IBAN>FR0240031000010000004329E34</IBAN></Id></DbtrAcct><DbtrAgt><FinInstnId><BIC>CPMEFRPPXXX</BIC></FinInstnId></DbtrAgt><CdtrAgt><FinInstnId><BIC>CCOPFRPPXXX</BIC></FinInstnId></CdtrAgt><Cdtr><Nm>GHI Semiconductors</Nm><PstlAdr><Ctry>US</Ctry><AdrLine>415 Avenue Brugmann</AdrLine><AdrLine>1180 Brussels</AdrLine></PstlAdr></Cdtr><CdtrAcct><Id><IBAN>FR7630004001850000101273039</IBAN></Id></CdtrAcct><UltmtCdtr><Nm>GHI Semiconductors</Nm><PstlAdr><Ctry>US</Ctry><AdrLine>415 Avenue Brugmann</AdrLine><AdrLine>1180 Brussels</AdrLine></PstlAdr></UltmtCdtr><Purp><Cd>GDDS</Cd></Purp><RmtInf><Ustrd>Max140Text Une seule occurrence "Unstructured" est autorisee</Ustrd></RmtInf></CdtTrfTxInf>
<CdtTrfTxInf><PmtId><InstrId>SCN-ROUT15-SCT-BDF-16053117024-11</InstrId><EndToEndId>SCN-ROUT15-SCT-BDF-16053117024-11</EndToEndId><TxId>SCN-ROUT15-SCT-BDF-16053117024-11</TxId></PmtId><PmtTpInf><SvcLvl><Cd>SEPA</Cd></SvcLvl></PmtTpInf><IntrBkSttlmAmt Ccy="EUR">1020.01</IntrBkSttlmAmt><ChrgBr>SLEV</ChrgBr><UltmtDbtr><Nm>ABC Corporation</Nm><Id><OrgId><Othr><Id>12345</Id></Othr></OrgId></Id></UltmtDbtr><Dbtr><Nm>ABC Corporation</Nm><PstlAdr><Ctry>US</Ctry><AdrLine>Time Square Bldg 7</AdrLine><AdrLine>NY 10036 - New York</AdrLine></PstlAdr><Id><OrgId><Othr><Id>12345</Id></Othr></OrgId></Id></Dbtr><DbtrAcct><Id><IBAN>FR0240031000010000004329E34</IBAN></Id></DbtrAcct><DbtrAgt><FinInstnId><BIC>CPMEFRPPXXX</BIC></FinInstnId></DbtrAgt><CdtrAgt><FinInstnId><BIC>BITAITRR123</BIC></FinInstnId></CdtrAgt><Cdtr><Nm>GHI Semiconductors</Nm><PstlAdr><Ctry>US</Ctry><AdrLine>415 Avenue Brugmann</AdrLine><AdrLine>1180 Brussels</AdrLine></PstlAdr></Cdtr><CdtrAcct><Id><IBAN>FR7630004001850000101273039</IBAN></Id></CdtrAcct><UltmtCdtr><Nm>GHI Semiconductors</Nm><PstlAdr><Ctry>US</Ctry><AdrLine>415 Avenue Brugmann</AdrLine><AdrLine>1180 Brussels</AdrLine></PstlAdr></UltmtCdtr><Purp><Cd>GDDS</Cd></Purp><RmtInf><Ustrd>Max140Text Une seule occurrence "Unstructured" est autorisee</Ustrd></RmtInf></CdtTrfTxInf>
<CdtTrfTxInf><PmtId><InstrId>SCN-ROUT15-SCT-BDF-16053117024-12</InstrId><EndToEndId>SCN-ROUT15-SCT-BDF-16053117024-12</EndToEndId><TxId>SCN-ROUT15-SCT-BDF-16053117024-12</TxId></PmtId><PmtTpInf><SvcLvl><Cd>SEPA</Cd></SvcLvl></PmtTpInf><IntrBkSttlmAmt Ccy="EUR">1021.01</IntrBkSttlmAmt><ChrgBr>SLEV</ChrgBr><UltmtDbtr><Nm>ABC Corporation</Nm><Id><OrgId><Othr><Id>12345</Id></Othr></OrgId></Id></UltmtDbtr><Dbtr><Nm>ABC Corporation</Nm><PstlAdr><Ctry>US</Ctry><AdrLine>Time Square Bldg 7</AdrLine><AdrLine>NY 10036 - New York</AdrLine></PstlAdr><Id><OrgId><Othr><Id>12345</Id></Othr></OrgId></Id></Dbtr><DbtrAcct><Id><IBAN>FR0240031000010000004329E34</IBAN></Id></DbtrAcct><DbtrAgt><FinInstnId><BIC>BDFEFRPPXXX</BIC></FinInstnId></DbtrAgt><CdtrAgt><FinInstnId><BIC>BERLMCMCXXX</BIC></FinInstnId></CdtrAgt><Cdtr><Nm>GHI Semiconductors</Nm><PstlAdr><Ctry>US</Ctry><AdrLine>415 Avenue Brugmann</AdrLine><AdrLine>1180 Brussels</AdrLine></PstlAdr></Cdtr><CdtrAcct><Id><IBAN>FR7630004001850000101273039</IBAN></Id></CdtrAcct><UltmtCdtr><Nm>GHI Semiconductors</Nm><PstlAdr><Ctry>US</Ctry><AdrLine>415 Avenue Brugmann</AdrLine><AdrLine>1180 Brussels</AdrLine></PstlAdr></UltmtCdtr><Purp><Cd>GDDS</Cd></Purp><RmtInf><Ustrd>Max140Text Une seule occurrence "Unstructured" est autorisee</Ustrd></RmtInf></CdtTrfTxInf>
<CdtTrfTxInf><PmtId><InstrId>SCN-ROUT15-SCT-BDF-16053117024-13</InstrId><EndToEndId>SCN-ROUT15-SCT-BDF-16053117024-13</EndToEndId><TxId>SCN-ROUT15-SCT-BDF-16053117024-13</TxId></PmtId><PmtTpInf><SvcLvl><Cd>SEPA</Cd></SvcLvl></PmtTpInf><IntrBkSttlmAmt Ccy="EUR">1022.01</IntrBkSttlmAmt><ChrgBr>SLEV</ChrgBr><UltmtDbtr><Nm>ABC Corporation</Nm><Id><OrgId><Othr><Id>12345</Id></Othr></OrgId></Id></UltmtDbtr><Dbtr><Nm>ABC Corporation</Nm><PstlAdr><Ctry>US</Ctry><AdrLine>Time Square Bldg 7</AdrLine><AdrLine>NY 10036 - New York</AdrLine></PstlAdr><Id><OrgId><Othr><Id>12345</Id></Othr></OrgId></Id></Dbtr><DbtrAcct><Id><IBAN>FR0240031000010000004329E34</IBAN></Id></DbtrAcct><DbtrAgt><FinInstnId><BIC>IDDOFRP1XXX</BIC></FinInstnId></DbtrAgt><CdtrAgt><FinInstnId><BIC>ABGRDEFFXXX</BIC></FinInstnId></CdtrAgt><Cdtr><Nm>GHI Semiconductors</Nm><PstlAdr><Ctry>US</Ctry><AdrLine>415 Avenue Brugmann</AdrLine><AdrLine>1180 Brussels</AdrLine></PstlAdr></Cdtr><CdtrAcct><Id><IBAN>FR7630004001850000101273039</IBAN></Id></CdtrAcct><UltmtCdtr><Nm>GHI Semiconductors</Nm><PstlAdr><Ctry>US</Ctry><AdrLine>415 Avenue Brugmann</AdrLine><AdrLine>1180 Brussels</AdrLine></PstlAdr></UltmtCdtr><Purp><Cd>GDDS</Cd></Purp><RmtInf><Ustrd>Max140Text Une seule occurrence "Unstructured" est autorisee</Ustrd></RmtInf></CdtTrfTxInf>
<CdtTrfTxInf><PmtId><InstrId>SCN-ROUT15-SCT-BDF-16053117024-14</InstrId><EndToEndId>SCN-ROUT15-SCT-BDF-16053117024-14</EndToEndId><TxId>SCN-ROUT15-SCT-BDF-16053117024-14</TxId></PmtId><PmtTpInf><SvcLvl><Cd>SEPA</Cd></SvcLvl></PmtTpInf><IntrBkSttlmAmt Ccy="EUR">1023.01</IntrBkSttlmAmt><ChrgBr>SLEV</ChrgBr><UltmtDbtr><Nm>ABC Corporation</Nm><Id><OrgId><Othr><Id>12345</Id></Othr></OrgId></Id></UltmtDbtr><Dbtr><Nm>ABC Corporation</Nm><PstlAdr><Ctry>US</Ctry><AdrLine>Time Square Bldg 7</AdrLine><AdrLine>NY 10036 - New York</AdrLine></PstlAdr><Id><OrgId><Othr><Id>12345</Id></Othr></OrgId></Id></Dbtr><DbtrAcct><Id><IBAN>FR0240031000010000004329E34</IBAN></Id></DbtrAcct><DbtrAgt><FinInstnId><BIC>BDFEFRPPXXX</BIC></FinInstnId></DbtrAgt><CdtrAgt><FinInstnId><BIC>DANBDK22XXX</BIC></FinInstnId></CdtrAgt><Cdtr><Nm>GHI Semiconductors</Nm><PstlAdr><Ctry>US</Ctry><AdrLine>415 Avenue Brugmann</AdrLine><AdrLine>1180 Brussels</AdrLine></PstlAdr></Cdtr><CdtrAcct><Id><IBAN>FR7630004001850000101273039</IBAN></Id></CdtrAcct><UltmtCdtr><Nm>GHI Semiconductors</Nm><PstlAdr><Ctry>US</Ctry><AdrLine>415 Avenue Brugmann</AdrLine><AdrLine>1180 Brussels</AdrLine></PstlAdr></UltmtCdtr><Purp><Cd>GDDS</Cd></Purp><RmtInf><Ustrd>Max140Text Une seule occurrence "Unstructured" est autorisee</Ustrd></RmtInf></CdtTrfTxInf>
<CdtTrfTxInf><PmtId><InstrId>SCN-ROUT15-SCT-BDF-16053117024-15</InstrId><EndToEndId>SCN-ROUT15-SCT-BDF-16053117024-15</EndToEndId><TxId>SCN-ROUT15-SCT-BDF-16053117024-15</TxId></PmtId><PmtTpInf><SvcLvl><Cd>SEPA</Cd></SvcLvl></PmtTpInf><IntrBkSttlmAmt Ccy="EUR">1024.01</IntrBkSttlmAmt><ChrgBr>SLEV</ChrgBr><UltmtDbtr><Nm>ABC Corporation</Nm><Id><OrgId><Othr><Id>12345</Id></Othr></OrgId></Id></UltmtDbtr><Dbtr><Nm>ABC Corporation</Nm><PstlAdr><Ctry>US</Ctry><AdrLine>Time Square Bldg 7</AdrLine><AdrLine>NY 10036 - New York</AdrLine></PstlAdr><Id><OrgId><Othr><Id>12345</Id></Othr></OrgId></Id></Dbtr><DbtrAcct><Id><IBAN>FR0240031000010000004329E34</IBAN></Id></DbtrAcct><DbtrAgt><FinInstnId><BIC>IDDOFRP1XXX</BIC></FinInstnId></DbtrAgt><CdtrAgt><FinInstnId><BIC>AAKRDK22000</BIC></FinInstnId></CdtrAgt><Cdtr><Nm>GHI Semiconductors</Nm><PstlAdr><Ctry>US</Ctry><AdrLine>415 Avenue Brugmann</AdrLine><AdrLine>1180 Brussels</AdrLine></PstlAdr></Cdtr><CdtrAcct><Id><IBAN>FR7630004001850000101273039</IBAN></Id></CdtrAcct><UltmtCdtr><Nm>GHI Semiconductors</Nm><PstlAdr><Ctry>US</Ctry><AdrLine>415 Avenue Brugmann</AdrLine><AdrLine>1180 Brussels</AdrLine></PstlAdr></UltmtCdtr><Purp><Cd>GDDS</Cd></Purp><RmtInf><Ustrd>Max140Text Une seule occurrence "Unstructured" est autorisee</Ustrd></RmtInf></CdtTrfTxInf>
<CdtTrfTxInf><PmtId><InstrId>SCN-ROUT15-SCT-BDF-16053117024-16</InstrId><EndToEndId>SCN-ROUT15-SCT-BDF-16053117024-16</EndToEndId><TxId>SCN-ROUT15-SCT-BDF-16053117024-16</TxId></PmtId><PmtTpInf><SvcLvl><Cd>SEPA</Cd></SvcLvl></PmtTpInf><IntrBkSttlmAmt Ccy="EUR">1025.01</IntrBkSttlmAmt><ChrgBr>SLEV</ChrgBr><UltmtDbtr><Nm>ABC Corporation</Nm><Id><OrgId><Othr><Id>12345</Id></Othr></OrgId></Id></UltmtDbtr><Dbtr><Nm>ABC Corporation</Nm><PstlAdr><Ctry>US</Ctry><AdrLine>Time Square Bldg 7</AdrLine><AdrLine>NY 10036 - New York</AdrLine></PstlAdr><Id><OrgId><Othr><Id>12345</Id></Othr></OrgId></Id></Dbtr><DbtrAcct><Id><IBAN>FR0240031000010000004329E34</IBAN></Id></DbtrAcct><DbtrAgt><FinInstnId><BIC>IDDOFRP1XXX</BIC></FinInstnId></DbtrAgt><CdtrAgt><FinInstnId><BIC>ABNAPLPWXXX</BIC></FinInstnId></CdtrAgt><Cdtr><Nm>GHI Semiconductors</Nm><PstlAdr><Ctry>US</Ctry><AdrLine>415 Avenue Brugmann</AdrLine><AdrLine>1180 Brussels</AdrLine></PstlAdr></Cdtr><CdtrAcct><Id><IBAN>FR7630004001850000101273039</IBAN></Id></CdtrAcct><UltmtCdtr><Nm>GHI Semiconductors</Nm><PstlAdr><Ctry>US</Ctry><AdrLine>415 Avenue Brugmann</AdrLine><AdrLine>1180 Brussels</AdrLine></PstlAdr></UltmtCdtr><Purp><Cd>GDDS</Cd></Purp><RmtInf><Ustrd>Max140Text Une seule occurrence "Unstructured" est autorisee</Ustrd></RmtInf></CdtTrfTxInf>
</S2SCTIcf:FIToFICstmrCdtTrf></S2SCTIcf:SCTIcfBlkCredTrf>